@Manual{OMG:MOF:2006,
  OPTkey = 	 {},
  OPTauthor = 	 {},
  title =	 {Meta Object Facility (MOF) Core Specification,
                  version 2.0},
  OPTsubtitle =	 {},
  organization = {Object Management Group},
  org-short =	 {OMG},
  OPThowpublished = {},
  url =		 {http://www.omg.org/cgi-bin/doc?formal/2006-01-01},
  month =	 {January},
  year =	 {2006},
  OPTnote = 	 {},
  OPTannote = 	 {}
}

@Manual{OMG:UML:2011,
  OPTkey = 	 {},
  OPTauthor = 	 {},
  title =	 {Unified Modeling Language: Superstructure
                  Specification, version 2.4.1},
  OPTsubtitle =	 {},
  organization = {Object Management Group},
  org-short =	 {OMG},
  OPThowpublished = {},
  url =		 {http://www.omg.org/cgi-bin/doc?formal/2011-08-06},
  month =	 {August},
  year =	 {2011},
  OPTnote = 	 {},
  OPTannote = 	 {}
}

@Manual{OMG:OCL:2012,
  OPTkey = 	 {},
  OPTauthor = 	 {},
  title =	 {Object Constraint Language (OCL) Specification,
                  version 2.3.1},
  OPTsubtitle =	 {},
  organization = {Object Management Group},
  org-short =	 {OMG},
  OPThowpublished = {},
  url =		 {http://www.omg.org/cgi-bin/doc?formal/2012-01-01},
  month =	 {January},
  year =	 {2012},
  OPTnote = 	 {},
  OPTannote = 	 {}
}

@Manual{OMG:XMI:2011,
  OPTkey = 	 {},
  OPTauthor = 	 {},
  title =	 {XML Metadata Interchange (XMI) Specification,
                  version 2.4.1},
  OPTsubtitle =	 {},
  organization = {Object Management Group},
  org-short =	 {OMG},
  OPThowpublished = {},
  url =		 {http://www.omg.org/cgi-bin/doc?formal/2011-08-09},
  month =	 {August},
  year =	 {2011},
  OPTnote = 	 {},
  OPTannote = 	 {}
}

@Manual{OMG:QVT:2011,
  OPTkey = 	 {},
  OPTauthor = 	 {},
  title =	 {Query/View/Transformation Specification, version
                  1.1},
  OPTsubtitle =	 {},
  organization = {Object Management Group},
  org-short =	 {OMG},
  OPThowpublished = {},
  url =		 {http://www.omg.org/cgi-bin/doc?formal/2011-01-01},
  month =	 {January},
  year =	 {2011},
  OPTnote = 	 {},
  OPTannote = 	 {}
}

@Manual{OMG:MDA:2001,
  OPTkey = 	 {},
  OPTauthor = 	 {},
  title =	 {MDA},
  subtitle =	 {Model Driven Architecture},
  organization = {Object Management Group},
  org-short =	 {OMG},
  OPThowpublished = {},
  url =		 {http://www.omg.org/mda},
  OPTmonth =	 {},
  year =	 {2001},
  OPTnote = 	 {},
  OPTannote = 	 {}
}

@Misc{Soley:etal:2000,
  OPTkey = 	 {},
  author = 	 {Richard Soley and the OMG Staff Strategy Group},
  title = 	 {Model Driven Architecture},
  howpublished = {Dispon\'{i}vel em: ftp://ftp.omg.org/pub/docs/omg/00-11-05.pdf},
  OPTmonth = 	 {},
  year = 	 {2000},
  OPTnote = 	 {},
  OPTannote = 	 {}
}

@book{Stahl:etal:2006,
  author =	 {Stahl, Thomas and Voelter, Markus and Czarnecki,
                  Krzysztof},
  title =	 {Model-Driven Software Development: Technology,
                  Engineering, Management},
  year =	 {2006},
  isbn =	 {0470025700},
  publisher =	 {John Wiley \& Sons, Ltd},
}

@Book{Kleppe:etal:2003,
  author = 	 {Anneke Kleppe and Jos Warmer and Wim Bast},
  ALTeditor = 	 {},
  title = 	 {MDA Explained: The Model Driven Architecture: Practice and Promise},
  publisher = 	 {Addison-Wesley Longman Publishing Co., Inc.},
  year = 	 {2003},
  OPTkey = 	 {},
  OPTvolume = 	 {},
  OPTnumber = 	 {},
  series = 	 {Object Technology},
  address = 	 {Boston, MA, USA},
  OPTedition = 	 {},
  OPTmonth = 	 {},
  OPTnote = 	 {},
  OPTannote = 	 {}
}

@Manual{Miller:Mukerji:2003,
  title = 	 {{MDA} Guide Version 1.0.1},
  OPTkey = 	 {},
  author = 	 {Joaquin Miller and Jishnu Mukerji},
  OPTorganization = {},
  address = 	 {Framingham, Massachusetts},
  OPTedition = 	 {},
  month = 	 {June},
  year = 	 {2003},
  OPTnote = 	 {},
  OPTannote = 	 {}
}

@Article{Meixner:etal:2011,
  author =	 {Gerrit Meixner and Fabio Patern\`o and Jean
                  Vanderdonckt},
  title =	 {Past, Present, and Future of Model-Based User
                  Interface Development},
  journal = 	 {i-com},
  year = 	 {2011},
  OPTkey = 	 {},
  OPTvolume = 	 {},
  OPTnumber = 	 {},
  pages = 	 {2-11},
  OPTmonth = 	 {},
  OPTnote = 	 {},
  OPTannote = 	 {}
}

@InProceedings{Church:Green:2008,
  author = 	 {Church, Luke and Green, Thomas},
  title = 	 {Cognitive Dimensions - a short tutorial},
  OPTcrossref =  {},
  OPTkey = 	 {},
  booktitle =	 {Proceedings 20$^{th}$ Annual Workshop Psychology of
                  Programming Interest Group},
  OPTpages = 	 {},
  year = 	 {2008},
  OPTeditor = 	 {},
  OPTvolume = 	 {},
  OPTnumber = 	 {},
  series = 	 {PPIG'2008},
  OPTaddress = 	 {Lancaster, England, UK},
  OPTmonth = 	 {},
  OPTorganization = {Lancaster University},
  OPTpublisher = {},
  OPTnote = 	 {},
  OPTannote = 	 {}
}

@InProceedings{deSouza:etal:2009,
  author =	 {de, Souza, Alessandro Jos\'e and Costa, Neto,
                  Macilon Ara\'ujo and Jair Cavalcanti Leite and
                  Roberta de Souza Coelho},
  title =	 {Gera\c{c}\~{a}o autom\'{a}tica de casos de testes
                  para interface gr\'{a}fica},
  OPTcrossref =  {},
  OPTkey = 	 {},
  booktitle =	 {Anais da II Escola Potiguar de Computa\c{c}\~{a}o e
                  suas Aplica\c{c}\~{o}es},
  pages = 	 {115--120},
  year = 	 {2009},
  OPTeditor = 	 {},
  OPTvolume = 	 {},
  OPTnumber = 	 {},
  series = 	 {EPOCA'2009},
  address = 	 {Natal, RN, Brasil},
  month = 	 {Novembro},
  organization = {Universidade Federal do Rio Grande do Norte},
  OPTpublisher = {},
  OPTnote = 	 {},
  OPTannote = 	 {}
}

@Book{deSouza:Leitao:2009,
  author =	 {de, Souza, Clarisse Sieckenius and Leit{\~ a}o,
                  Carla Faria},
  ALTeditor = 	 {},
  title =	 {Semiotic Engineering Methods for Scientific Research
                  in HCI},
  publisher = 	 {Morgan and Claypool Publishers},
  year = 	 {2009},
  OPTkey = 	 {},
  OPTvolume = 	 {},
  OPTnumber = 	 {},
  OPTseries = 	 {},
  OPTaddress = 	 {},
  OPTedition = 	 {},
  OPTmonth = 	 {},
  OPTnote = 	 {},
  OPTannote = 	 {}
}

@Manual{Majewski:2004,
  title = 	 {A Shape Diagram Editor},
  OPTkey = 	 {},
  author = 	 {Bo Majewski},
  organization = {Cisco Systems, Inc.},
  OPTaddress = 	 {},
  OPTedition = 	 {},
  month = 	 {December},
  year = 	 {2004},
  note = 	 {Disponível em http://www.eclipse.org/articles/Article-GEF-diagram-editor/shape.html},
  OPTannote = 	 {}
}

@Manual{Plante:2006,
  title = 	 {Introducing the GMF Runtime},
  OPTkey = 	 {},
  author = 	 {Frederic Plante},
  organization = {IBM},
  OPTaddress = 	 {},
  OPTedition = 	 {},
  month = 	 {January},
  year = 	 {2006},
  note = 	 {Disponível em http://www.eclipse.org/articles/Article-Introducing-GMF/article.html},
  OPTannote = 	 {}
}


@Book{Steinberg:etal:2008,
  author =	 {Dave Steinberg and Frank Budinsky and Marcelo
                  Paternostro and Ed Merks},
  ALTeditor = 	 {},
  title = 	 {EMF: Eclipse Modeling Framework},
  publisher = 	 {Addison-Wesley Professional},
  year = 	 {2008},
  OPTkey = 	 {},
  OPTvolume = 	 {},
  OPTnumber = 	 {},
  OPTseries = 	 {},
  OPTaddress = 	 {},
  edition = 	 {2nd},
  OPTmonth = 	 {},
  OPTnote = 	 {},
  OPTannote = 	 {}
}

@Book{Budinsky:etal:2003,
  author =	 {Franck Budinsky and David Steinberg and Raymond
                  Ellersick},
  ALTeditor = 	 {},
  title = 	 {Eclipse Modeling Framework: A Developer's Guide},
  publisher = 	 {Addison-Wesley Professional},
  year = 	 {2003},
  OPTkey = 	 {},
  OPTvolume = 	 {},
  OPTnumber = 	 {},
  OPTseries = 	 {},
  OPTaddress = 	 {},
  OPTedition = 	 {},
  OPTmonth = 	 {},
  OPTnote = 	 {},
  OPTannote = 	 {}
}

@InCollection{Wharton:etal:1994,
  author =	 {Wharton, Cathleen and Rieman, John and Lewis,
                  Clayton and Polson, Peter},
  title = 	 {The cognitive walkthrough method: a practitioner's guide},
  booktitle =	 {Usability inspection methods},
  OPTcrossref =  {},
  OPTkey = 	 {},
  pages = 	 {105--140},
  publisher = {John Wiley \& Sons, Inc.},
  year = 	 {1994},
  editor = 	 {Nielsen, Jakob and Mack, Robert L.},
  OPTvolume = 	 {},
  OPTnumber = 	 {},
  OPTseries = 	 {},
  OPTtype = 	 {},
  OPTchapter = 	 {},
  address = 	 {New York, NY, USA},
  OPTedition = 	 {},
  OPTmonth = 	 {},
  OPTnote = 	 {},
  OPTannote = 	 {}
}

@TechReport{Green:Blackwell:1998,
  author = 	 {Thomas R. G. Green and Alan Blackwell},
  title =	 {Cognitive dimensions of information artefacts: a
                  tutorial},
  institution =  {BCS HCI Conference},
  year = 	 {1998},
  OPTkey = 	 {},
  OPTtype = 	 {},
  number = 	 {Version 1.2},
  OPTaddress = 	 {},
  OPTmonth = 	 {},
  OPTnote = 	 {},
  OPTannote = 	 {}
}

@InCollection{Blackwell:Green:2003,
  author = 	 {Alan Blackwell and Thomas R. G. Green},
  title =	 {Notational systems -- the cognitive dimensions of
                  notations framework},
  booktitle =	 {HCI Models, Theories, and Frameworks: Toward a
                  Multidisciplinary Science},
  OPTcrossref =  {},
  OPTkey = 	 {},
  pages = 	 {103+},
  publisher = {Morgan Kaufmann},
  year = 	 {2003},
  editor = 	 {Carroll, John M.},
  OPTvolume = 	 {},
  OPTnumber = 	 {},
  series = 	 {Interactive Technologies},
  OPTtype = 	 {},
  chapter = 	 {5},
  address = 	 {San Francisco, CA, USA},
  OPTedition = 	 {},
  OPTmonth = 	 {},
  OPTnote = 	 {},
  OPTannote = 	 {}
}

@InProceedings{Green:1989,
  author = 	 {Thomas R. G. Green},
  title = 	 {Cognitive dimensions of notations},
  OPTcrossref =  {},
  OPTkey = 	 {},
  booktitle =	 {Proceedings of the fifth conference of the British
                  Computer Society, Human-Computer Interaction
                  Specialist Group on People and computers V},
  pages = 	 {443--460},
  year = 	 {1989},
  OPTeditor = 	 {},
  OPTvolume = 	 {},
  OPTnumber = 	 {},
  OPTseries = 	 {},
  address = 	 {New York, NY, USA},
  OPTmonth = 	 {},
  organization = {Univ. of Nottingham},
  publisher = {Cambridge University Press},
  OPTnote = 	 {},
  OPTannote = 	 {}
}

@Article{Green:Petre:1996,
  author = 	 { Thomas R.G. Green and Marian Petre},
  title =	 {Usability Analysis of Visual Programming
                  Environments: a `cognitive dimensions' framework},
  journal = 	 {Journal Of Visual Languages And Computing},
  year = 	 {1996},
  OPTkey = 	 {},
  volume = 	 {7},
  OPTnumber = 	 {},
  pages = 	 {131--174},
  OPTmonth = 	 {},
  OPTnote = 	 {},
  OPTannote = 	 {}
}

@InCollection{Basili:etal:1994,
  author =	 {Basili, Victor and Caldiera, Gianluigi and Rombach,
                  Dieter H.},
  title = 	 {The goal question metric approach},
  booktitle = 	 {Encyclopedia of Software Engineering},
  OPTcrossref =  {},
  OPTkey = 	 {},
  OPTpages = 	 {},
  publisher = {Wiley},
  year = 	 {1994},
  editor = 	 {John J. Marciniak},
  OPTvolume = 	 {},
  OPTnumber = 	 {},
  OPTseries = 	 {},
  OPTtype = 	 {},
  OPTchapter = 	 {},
  OPTaddress = 	 {},
  OPTedition = 	 {},
  OPTmonth = 	 {},
  OPTnote = 	 {},
  OPTannote = 	 {}
}

@Article{Bangor:etal:2009,
  author =	 {Aaron Bangor and Philip Kortum and James Miller},
  title =	 {Determining What Individual {SUS} Scores Mean:
                  Adding an Adjective Rating Scale},
  journal = 	 {Journal of Usability Studies},
  year = 	 {2009},
  OPTkey = 	 {},
  volume = 	 {4},
  number = 	 {1},
  pages = 	 {114--123},
  month = 	 {May},
  OPTnote = 	 {},
  OPTannote = 	 {}
}

@InProceedings{Tullis:Stetson:2004,
  author = 	 {Thomas S. Tullis and Jacqueline N. Stetson},
  title =	 {A comparison of questionnaires for assessing website
                  usability},
  OPTcrossref =  {},
  OPTkey = 	 {},
  booktitle =	 {Proceedings of the Usability Professionals
                  Association (UPA) 2004 Conference},
  pages = 	 {7--11},
  year = 	 {2004},
  OPTeditor = 	 {},
  OPTvolume = 	 {},
  OPTnumber = 	 {},
  OPTseries = 	 {},
  OPTaddress = 	 {},
  month = 	 {June},
  OPTorganization = {},
  OPTpublisher = {},
  OPTnote = 	 {},
  OPTannote = 	 {}
}

@Article{Landis:Koch:1977,
  author = 	 {J. Richard Landis and Gary G. Koch},
  title =	 {The Measurement of Observer Agreement for
                  Categorical Data},
  journal = 	 {Biometrics},
  year = 	 {1977},
  OPTkey = 	 {},
  volume = 	 {33},
  number = 	 {1},
  pages = 	 {159--174},
  month = 	 {March},
  OPTnote = 	 {},
  OPTannote = 	 {}
}

@Article{Cohen:1960,
  author = 	 {Jacob Cohen},
  title = 	 {A Coefficient of Agreement for Nominal Scales},
  journal = 	 {Educational and Psychological Measurement},
  year = 	 {1960},
  OPTkey = 	 {},
  volume = 	 {20},
  number = 	 {1},
  pages = 	 {37--46},
  OPTmonth = 	 {},
  OPTnote = 	 {},
  OPTannote = 	 {}
}

@Book{Tan:etal:2005,
  author =	 {Tan, Pang-Ning and Steinbach, Michael and Kumar,
                  Vipin},
  ALTeditor = 	 {},
  title = 	 {Introduction to Data Mining},
  publisher = 	 {Addison-Wesley Longman Publishing Co., Inc.},
  year = 	 {2005},
  OPTkey = 	 {},
  OPTvolume = 	 {},
  OPTnumber = 	 {},
  OPTseries = 	 {},
  address = 	 {Boston, MA, USA},
  edition = 	 {1st},
  OPTmonth = 	 {},
  OPTnote = 	 {},
  OPTannote = 	 {}
}

@Book{Wohlin:etal:2000,
  author =	 {Wohlin, Claes and Runeson, Per and H\"ost, Martin
                  and Ohlsson, Magnus C. and Regnell, Bj\"oorn and
                  Wessl\'en, Anders},
  ALTeditor = 	 {},
  title =	 {Experimentation in software engineering: an
                  introduction},
  publisher = 	 {Kluwer Academic Publishers},
  year = 	 {2000},
  OPTkey = 	 {},
  OPTvolume = 	 {},
  OPTnumber = 	 {},
  OPTseries = 	 {},
  address = 	 {Norwell, MA, USA},
  OPTedition = 	 {},
  OPTmonth = 	 {},
  OPTnote = 	 {},
  OPTannote = 	 {}
}

@Book{Jordan:etal:1996,
  ALTauthor = 	 {},
  ALTeditor =	 {Patrick W. Jordan and B. Thomas and Ian Lyall
                  McClelland and Bernard Weerdmeester},
  title = 	 {Usability Evaluation In Industry},
  publisher = 	 {Taylor \& Francis Ltd},
  year = 	 {1996},
  OPTkey = 	 {},
  OPTvolume = 	 {},
  OPTnumber = 	 {},
  OPTseries = 	 {},
  address = 	 {London, England, UK},
  OPTedition = 	 {},
  OPTmonth = 	 {},
  OPTnote = 	 {},
  OPTannote = 	 {}
}

@InBook{Brooke:1996,
  author = 	 {John Brooke},
  editor =	 {Patrick W. Jordan and B. Thomas and Ian Lyall
                  McClelland and Bernard Weerdmeester},
  booktitle = 	 {Usability Evaluation In Industry},
  title = 	 {{SUS}: A quick and dirty usability scale},
  chapter = 	 {21},
  publisher = 	 {Taylor \& Francis Ltd},
  year = 	 {1996},
  OPTkey = 	 {},
  OPTvolume = 	 {},
  OPTnumber = 	 {},
  OPTseries = 	 {},
  OPTtype = 	 {},
  address = 	 {London, England, UK},
  OPTedition = 	 {},
  OPTmonth = 	 {},
  pages = 	 {189--194},
  OPTnote = 	 {},
  OPTannote = 	 {}
}

@InProceedings{Nielsen:Landauer:1993,
  author = 	 {Nielsen, Jakob and Landauer, Thomas K.},
  title =	 {A mathematical model of the finding of usability
                  problems},
  OPTcrossref =  {},
  OPTkey = 	 {},
  booktitle =	 {Proceedings of the INTERACT '93 and CHI '93
                  conference on Human factors in computing systems},
  pages = 	 {206--213},
  year = 	 {1993},
  OPTeditor = 	 {},
  OPTvolume = 	 {},
  OPTnumber = 	 {},
  series = 	 {CHI '93},
  address = 	 {New York, NY, USA},
  OPTmonth = 	 {},
  OPTorganization = {},
  publisher = {ACM},
  OPTnote = 	 {},
  OPTannote = 	 {}
}

@Monography{Ferreira:2002,
  author = 	 {K\'atia Gomes Ferreira},
  title = 	 {Teste de Usabilidade},
  school = 	 {Universidade Federal de Minas Gerais},
  year = 	 {2002},
  OPTkey = 	 {},
  type = 	 {Especializa{\c c}\~ao},
  address = 	 {Belo Horizonte},
  month = 	 {agosto},
  OPTnote = 	 {},
  OPTannote = 	 {}
}

@Article{Basili:Rombach:1988,
  author = 	 {Basili, V.R. and Rombach, H.D.},
  title =	 {The TAME project: towards improvement-oriented
                  software environments},
  journal = 	 {Software Engineering, IEEE Transactions on},
  year = 	 {1988},
  OPTkey = 	 {},
  volume = 	 {14},
  number = 	 {6},
  pages = 	 {758--773},
  month = 	 {Jun},
  OPTnote = 	 {},
  OPTannote = 	 {}
}

@Article{Pfleeger:1995,
  author = 	 {Shari Lawrence Pfleeger},
  title =	 {Design and analysis in software engineering, Part 2:
                  How to Set Up an Experiment},
  journal = 	 {SIGSOFT Software Engineering Notes},
  year = 	 {1995},
  OPTkey = 	 {},
  volume = 	 {20},
  number = 	 {1},
  pages = 	 {22--26},
  OPTmonth = 	 {Jan},
  OPTnote = 	 {},
  OPTannote = 	 {}
}

@Book{Solingen:Berghout:1999,
  author = 	 {Rini van Solingen and Egon Berghout},
  ALTeditor = 	 {},
  title =	 {The goal/question/metric method: a practical method
                  for quality improvement of software development},
  publisher = 	 {McGraw-Hill},
  year = 	 {1999},
  OPTkey = 	 {},
  OPTvolume = 	 {},
  OPTnumber = 	 {},
  OPTseries = 	 {},
  address = 	 {England, UK},
  OPTedition = 	 {},
  OPTmonth = 	 {},
  OPTnote = 	 {},
  OPTannote = 	 {}
}

@Misc{Nielsen:2000,
  OPTkey = 	 {},
  author = 	 {Jakob Nielsen},
  title = 	 {Why You Only Need to Test With 5 Users},
  howpublished = {Jakob Nielsen's Alertbox},
  month = 	 {March},
  year = 	 {2000},
  url = 	 {http://www.useit.com/alertbox/20000319.html},
  note = 	 {Acessado em 02/12/2011},
  OPTannote = 	 {}
}

@Monography{CostaNeto:Leite:2011b,
  author =	 {Costa, Neto, Macilon Ara\'ujo and Jair Cavalcanti
                  Leite},
  title =	 {Constru\c{c}\~{a}o de mensagens narrativas de
                  interfaces de usu\'{a}rios},
  school =	 {Universidade Federal do Rio Grande do Norte --
                  Departamento de Inform\'{a}tica e Matem\'{a}tica
                  Aplicada},
  year = 	 {2011},
  OPTkey = 	 {},
  type = 	 {Relat\'{o}rio T\'{e}cnico},
  OPTnumber = 	 {UFRN-DIMAp-2011-106-RT},
  address = 	 {Natal, RN, Brasil},
  month = 	 {Julho},
  OPTnote = 	 {},
  OPTannote = 	 {}
}

@Book{Rumbaugh:etal:2004,
  author = 	 {Rumbaugh, James and Jacobson, Ivar and Booch, Grady},
  ALTeditor = 	 {},
  title = 	 {Unified Modeling Language Reference Manual},
  publisher = 	 {Pearson Higher Education},
  year = 	 {2004},
  OPTkey = 	 {},
  OPTvolume = 	 {},
  OPTnumber = 	 {},
  OPTseries = 	 {},
  OPTaddress = 	 {},
  edition = 	 {2nd},
  OPTmonth = 	 {},
  OPTnote = 	 {},
  OPTannote = 	 {}
}

@article{Rational:2001b,
  title =	 {Rational Unified Process: Best Practices for
                  Software Development Teams},
  url =		 {http://www-128.ibm.com/developerworks/rational/library/content/03July/1000/1251/1251_bestpractices_TP026B.pdf},
  journal =	 {Rational Software white Paper TP026B},
  publisher =	 {Rational Software},
  author =	 {Rational},
  year =	 {2001},
  pages =	 {21}
}

@Manual{Rational:2001,
  title =	 {Rational Unified Process: Best Practices for
                  Software Development Teams},
  OPTkey = 	 {},
  OPTauthor = 	 {},
  organization = {Rational Software Corporation},
  org-short = {Rational},
  OPTaddress = 	 {},
  OPTedition = 	 {},
  OPTmonth = 	 {},
  url = 	 {http://www-128.ibm.com/developerworks/rational/library/content/03July/1000/1251/1251_bestpractices_TP026B.pdf},
  year = 	 {2001},
  OPTnote = 	 {},
  OPTannote = 	 {}
}

@InProceedings{Paterno:etal:1997,
  author =	 {Patern\`o, Fabio and Mancini, Cristiano and
                  Meniconi, Silvia},
  title =	 {ConcurTaskTrees: A Diagrammatic Notation for
                  Specifying Task Models},
  OPTcrossref =  {},
  OPTkey = 	 {},
  booktitle =	 {Proceedings of the IFIP TC13 Interantional
                  Conference on Human-Computer Interaction},
  pages = 	 {362--369},
  year = 	 {1997},
  OPTeditor = 	 {},
  OPTvolume = 	 {},
  OPTnumber = 	 {},
  series = 	 {INTERACT '97},
  address = 	 {London, England, UK},
  OPTmonth = 	 {},
  OPTorganization = {},
  publisher = {Chapman \& Hall, Ltd.},
  OPTnote = 	 {},
  OPTannote = 	 {}
}

@Article{Annett:Duncan:1967,
  author = 	 {John Annett and K. D. Duncan},
  title = 	 {Task analysis and training design},
  journal = 	 {Occupational Psychology},
  year = 	 {1967},
  OPTkey = 	 {},
  volume = 	 {41},
  OPTnumber = 	 {},
  pages = 	 {211--227},
  OPTmonth = 	 {},
  OPTnote = 	 {},
  OPTannote = 	 {}
}

@Book{Card:etal:1983,
  author =	 {Stuart K. Card and Thomas P. Moran and Allen Newell},
  ALTeditor = 	 {},
  title = 	 {The Psychology of Human-Computer Interaction},
  publisher = 	 {Lawrence Erlbaum Associates},
  year = 	 {1983},
  OPTkey = 	 {},
  OPTvolume = 	 {},
  OPTnumber = 	 {},
  OPTseries = 	 {},
  OPTaddress = 	 {},
  edition = 	 {New},
  month = 	 {Feb},
  OPTnote = 	 {},
  OPTannote = 	 {}
}

@Book{Sharp:etal:2007,
  author = 	 {Helen Sharp and Yvonne Rogers and Jenny Preece},
  ALTeditor = 	 {},
  title = 	 {Interaction Design: Beyond Human-Computer Interaction},
  publisher = 	 {John Wiley \& Sons, Inc.},
  year = 	 {2007},
  OPTkey = 	 {},
  OPTvolume = 	 {},
  OPTnumber = 	 {},
  OPTseries = 	 {},
  address = 	 {West Sussex, England, UK},
  edition = 	 {2nd},
  month = 	 {Jan},
  OPTnote = 	 {},
  OPTannote = 	 {}
}

@article{Prates:etal:2000,
  author =	 {Prates, Raquel Oliveira and de, Souza, Clarisse
                  Sieckenius and Barbosa, Simone Diniz Junqueira},
  title =	 {A method for evaluating the communicability of user
                  interfaces},
  journal =	 {interactions},
  volume =	 {7},
  issue =	 {1},
  month =	 {January},
  year =	 {2000},
  issn =	 {1072-5520},
  pages =	 {31--38},
  numpages =	 {8},
  url =		 {http://doi.acm.org/10.1145/328595.328608},
  doi =		 {http://doi.acm.org/10.1145/328595.328608},
  acmid =	 {328608},
  publisher =	 {ACM},
  address =	 {New York, NY, USA},
} 

@inproceedings{daSilva:etal:2006,
  author =	 {da, Silva, Bruno Santana and Aureliano, Viviane
                  Cristina Oliveira and Barbosa, Simone Diniz
                  Junqueira},
  title =	 {Extreme designing: binding sketching to an
                  interaction model in a streamlined HCI design
                  approach},
  booktitle =	 {Anais do VII Simp\'{o}sio de Fatores Humanos em
                  Sistemas Computacionais},
  series =	 {IHC'06},
  year =	 {2006},
  isbn =	 {1-59593-432-4},
  location =	 {Natal, RN, Brasil},
  pages =	 {101--109},
  numpages =	 {9},
  url =		 {http://doi.acm.org/10.1145/1298023.1298038},
  doi =		 {http://doi.acm.org/10.1145/1298023.1298038},
  acmid =	 {1298038},
  publisher =	 {ACM},
  address =	 {New York, NY, USA},
  keywords =	 {communication-centered design, interaction design,
                  semiotic engineering, sketching, streamlined
                  approaches to HCI design},
} 


@article {Espana:2010,
  author =	 {Espa{\~ n}a, Sergio and Condori-Fernandez, Nelly and
                  Gonz\'alez, Arturo and Pastor, \'Oscar},
  affiliation =	 {Universidad Polit\'ecnica de Valencia Centro de
                  Investigaci\'on en M\'etodos de Producci\'on de
                  Software Valencia Spain},
  title =	 {An empirical comparative evaluation of requirements
                  engineering methods},
  journal =	 {Journal of the Brazilian Computer Society},
  publisher =	 {Springer London},
  issn =	 {0104-6500},
  keyword =	 {Computer Science},
  pages =	 {3-19},
  volume =	 {16},
  issue =	 {1},
  url =		 {http://dx.doi.org/10.1007/s13173-010-0003-5},
  note =	 {10.1007/s13173-010-0003-5},
  year =	 {2010}
}

@InProceedings{Moody:2003,
  author =	 {Daniel L. Moody},
  title =	 {The method evaluation model: a theoretical model for
                  validating information systems design methods},
  OPTcrossref =  {},
  OPTkey = 	 {},
  booktitle =	 {Proceedings of the 11th European Conference on
                  Information Systems (ECIS 2003)},
  OPTpages = 	 {},
  year = 	 {2003},
  OPTeditor = 	 {},
  OPTvolume = 	 {},
  OPTnumber = 	 {},
  OPTseries = 	 {},
  address = 	 {Naples, Italy},
  OPTmonth = 	 {},
  OPTorganization = {},
  OPTpublisher = {},
  OPTnote = 	 {},
  OPTannote = 	 {}
}

@TechReport{Travassos:2002,
  author =	 {Guilherme Horta Travassos},
  title =	 {Introdu\c{c}\~{a}o \`{a} Engenharia de Software
                  Experimental},
  institution =  {Universidade Federal do Rio de Janeiro},
  year = 	 {2002},
  OPTkey = 	 {},
  OPTtype = 	 {},
  OPTnumber = 	 {},
  address = 	 {Rio de Janeiro},
  OPTmonth = 	 {},
  OPTnote = 	 {},
  OPTannote = 	 {}
}

@inproceedings{Nielsen:etal:2006,
  author =	 {Nielsen, Christian M. and Overgaard, Michael and
                  Pedersen, Michael B. and Stage, Jan and Stenild,
                  Sigge},
  title =	 {Exploring interaction space as abstraction mechanism
                  for task-based user interface design},
  booktitle =	 {Proceedings of the 5th international conference on
                  Task models and diagrams for users interface design},
  series =	 {TAMODIA'06},
  year =	 {2006},
  isbn =	 {978-3-540-70815-5},
  location =	 {Hasselt, Belgium},
  pages =	 {202--216},
  numpages =	 {15},
  url =		 {http://dl.acm.org/citation.cfm?id=1756988.1757009},
  acmid =	 {1757009},
  publisher =	 {Springer-Verlag},
  address =	 {Berlin, Heidelberg},
  keywords =	 {abstraction, domain models, model-based user
                  interface design, object-oriented, task models, user
                  interface design},
} 

@InProceedings{Souchon:Vanderdonckt:2003,
  author =	 {Nathalie Souchon and Jean Vanderdonckt},
  title =	 {A Review of XML-Compliant User Interface Description
                  Languages},
  OPTcrossref =  {},
  OPTkey = 	 {},
  booktitle =	 {Proceedings of the 10th International Conference on
                  Design, Specification, and Verification of
                  Interactive Systems},
  OPTpages = 	 {},
  year = 	 {2003},
  OPTeditor = 	 {},
  OPTvolume = 	 {},
  OPTnumber = 	 {},
  OPTseries = 	 {},
  address = 	 {Madeira},
  month = 	 {June},
  OPTorganization = {},
  OPTpublisher = {},
  OPTnote = 	 {},
  OPTannote = 	 {}
}

@Article{Calvary:etal:2003,
  author =	 {Ga\"{e}lle Calvary and Jo\"{e}lle Coutaz and David
                  Thevenin and Quentin Limbourg and Laurent Bouillon
                  and Jean Vanderdonckt},
  title =	 {A Unifying Reference Framework for multi-target user
                  interfaces},
  journal = 	 {Interacting with Computers},
  year = 	 {2003},
  OPTkey = 	 {},
  volume = 	 {15},
  number = 	 {1},
  pages = 	 {289-308},
  OPTmonth = 	 {},
  OPTnote = 	 {},
  OPTannote = 	 {}
}

@InProceedings{Paterno:Santoro:2002,
  author = 	 {Fabio Patern\`o and Carmen Santoro},
  title = 	 {One model, many interfaces},
  OPTcrossref =  {},
  OPTkey = 	 {},
  booktitle =	 {Proceedings of the 4th International Conference on
                  Computer-Aided Design of User Interfaces
                  (CADUI'2002)},
  OPTpages = 	 {143--154},
  year = 	 {2002},
  editor = 	 {Christophe Kolski and Jean Vanderdonckt},
  volume = 	 {3},
  OPTnumber = 	 {},
  OPTseries = 	 {},
  OPTaddress = 	 {},
  OPTmonth = 	 {},
  OPTorganization = {},
  publisher = {Kluwer Academic},
  OPTnote = 	 {},
  OPTannote = 	 {}
}


@InProceedings{Sinnig:etal:2003,
  author =	 {Daniel Sinnig and Peter Forbrig and Ahmed Seffah},
  title = 	 {Patterns in Model-Based Development},
  OPTcrossref =  {},
  OPTkey = 	 {},
  booktitle =	 {INTERACT'03 - Workshop entitled: Software and
                  Usability Cross-Pollination: The Role of Usability
                  Patterns},
  OPTpages = 	 {},
  year = 	 {2003},
  OPTeditor = 	 {},
  OPTvolume = 	 {},
  OPTnumber = 	 {},
  OPTseries = 	 {},
  OPTaddress = 	 {},
  month = 	 {September},
  OPTorganization = {},
  OPTpublisher = {},
  OPTnote = 	 {},
  OPTannote = 	 {}
}

@Article{Myers:etal:2000,
  author =	 {Brad Myers and Scott E. Hudson and Randy Pausch},
  title =	 {Past, present, and future of user interface software
                  tools},
  journal =	 {ACM Trans. Comput.-Hum. Interact.},
  volume =	 {7},
  number =	 {1},
  year =	 {2000},
  issn =	 {1073-0516},
  pages =	 {3-28},
  doi =		 {http://doi.acm.org/10.1145/344949.344959},
  publisher =	 {ACM Press},
}

@InProceedings{Eisenstein:etal:2001,
  author =	 {Jacob Eisenstein and Jean Vanderdonckt and Angel
                  Puerta},
  title =	 {Applying model-based techniques to the development
                  of UIs for mobile computers},
  booktitle =	 {Proceedings of the 6th international conference on
                  Intelligent user interfaces},
  year =	 {2001},
  isbn =	 {1-58113-325-1},
  pages =	 {69-76},
  location =	 {Santa Fe, New Mexico, United States},
  doi =		 {http://doi.acm.org/10.1145/359784.360122},
  publisher =	 {ACM Press},
}

@InProceedings{Puerta:Szkeley:1994,
  author = 	 {Angel R. Puerta and Pedro Szkeley},
  title = 	 {Model-based interface development},
  OPTcrossref =  {},
  OPTkey = 	 {},
  booktitle =	 {Conference companion on Human factors in computing
                  systems},
  pages = 	 {389--390},
  year = 	 {1994},
  OPTeditor = 	 {},
  OPTvolume = 	 {},
  OPTnumber = 	 {},
  OPTseries = 	 {},
  address = 	 {Boston, Massachusetts, United States},
  OPTmonth = 	 {},
  OPTorganization = {},
  publisher = {ACM Press},
  OPTnote = 	 {},
  OPTannote = 	 {}
}

@InProceedings{Puerta:Eisenstein:1999,
  author =	 {Angel Puerta and Jacob Eisenstein},
  title =	 {Towards a general computational framework for
                  model-based interface development systems},
  booktitle =	 {Proceedings of the 4th international conference on
                  Intelligent user interfaces},
  year =	 {1999},
  isbn =	 {1-58113-098-8},
  pages =	 {171-178},
  location =	 {Los Angeles, California, United States},
  doi =		 {http://doi.acm.org/10.1145/291080.291108},
  publisher =	 {ACM Press},
 }


@Article{deSouza:etal:2010,
  author =	 {de, Souza, Clarisse Sieckenius and Leit{\~ a}o,
                  Carla Faria and Prates, Raquel Oliveira and Am\'elia
                  Bim, S\'ilvia and da, Silva, Elton Jos\'e},
  title =	 {Can inspection methods generate valid new knowledge
                  in HCI? The case of semiotic inspection},
  journal = 	 {Int. J. Hum.-Comput. Stud.},
  year = 	 {2010},
  OPTkey = 	 {},
  volume = 	 {68},
  OPTnumber = 	 {},
  pages = 	 {22--40},
  month = 	 {Janurary},
  OPTnote = 	 {},
  OPTannote = 	 {}
}

@InProceedings{deSouza:etal:2006,
  author =	 {de, Souza, Clarisse Sieckenius and Leit{\~ a}o,
                  Carla Faria and Prates, Raquel Oliveira and da,
                  Silva, Elton Jos\'e},
  title = 	 {The semiotic inspection method},
  OPTcrossref =  {},
  OPTkey = 	 {},
  booktitle =	 {Anais do VII Simp\'{o}sio de Fatores Humanos em
                  Sistemas Computacionais},
  pages = 	 {148--157},
  year = 	 {2006},
  OPTeditor = 	 {},
  OPTvolume = 	 {},
  OPTnumber = 	 {},
  series = 	 {IHC'06},
  address =	 {Porto Alegre, RS, Brasil},
  OPTmonth = 	 {},
  OPTorganization = {},
  location =	 {Natal, RN, Brasil},
  publisher =	 {Sociedade Brasileira de Computa\c{c}\~{a}o},
  OPTnote = 	 {},
  OPTannote = 	 {}
}

@Book{Winograd:1996,
  ALTauthor = 	 {},
  editor = 	 {Terry Winograd},
  title = 	 {Bringing Design to Software},
  publisher = 	 {ACM Press},
  year = 	 {1996},
  OPTkey = 	 {},
  OPTvolume = 	 {},
  OPTnumber = 	 {},
  OPTseries = 	 {},
  address = 	 {New York, NY, USA},
  OPTedition = 	 {},
  OPTmonth = 	 {},
  OPTnote = 	 {},
  OPTannote = 	 {}
}

@InBook{Kapor:1996,
  author = 	 {Mitchell Kapor},
  editor = 	 {Terry Winograd},
  title = 	 {A Software Design Manifesto},
  booktitle = 	 {Bringing Design to Software},
  chapter = 	 {1},
  publisher = 	 {ACM Press},
  year = 	 {1996},
  OPTkey = 	 {},
  OPTvolume = 	 {},
  OPTnumber = 	 {},
  OPTseries = 	 {},
  OPTtype = 	 {},
  address = 	 {New York, NY, USA},
  OPTedition = 	 {},
  OPTmonth = 	 {},
  pages = 	 {1--9},
  OPTnote = 	 {},
  OPTannote = 	 {}
}

@InBook{Liddle:1996,
  author = 	 {David Liddle},
  editor = 	 {Terry Winograd},
  title = 	 {Design of the Conceptual Model},
  booktitle = 	 {Bringing Design to Software},
  chapter = 	 {2},
  publisher = 	 {ACM Press},
  year = 	 {1996},
  OPTkey = 	 {},
  OPTvolume = 	 {},
  OPTnumber = 	 {},
  OPTseries = 	 {},
  OPTtype = 	 {},
  address = 	 {New York, NY, USA},
  OPTedition = 	 {},
  OPTmonth = 	 {},
  pages = 	 {10--36},
  OPTnote = 	 {},
  OPTannote = 	 {}
}

@InBook{Smith:Tabor:1996,
  author = 	 {Gillian Crampton Smith and Philip Tabor},
  ALTeditor = 	 {},
  title = 	 {The Role of the Artist-Designer},
  booktitle = 	 {Bringing Design to Software},
  chapter = 	 {3},
  publisher = 	 {ACM Press},
  year = 	 {1996},
  OPTkey = 	 {},
  OPTvolume = 	 {},
  OPTnumber = 	 {},
  OPTseries = 	 {},
  OPTtype = 	 {},
  address = 	 {New York, NY, USA},
  OPTedition = 	 {},
  OPTmonth = 	 {},
  pages = 	 {37--57},
  OPTnote = 	 {},
  OPTannote = 	 {}
}

@InBook{Rheinfrank:Evenson:1996,
  author = 	 {John Rheifrank and Shelley Evenson},
  editor = 	 {Terry Winograd},
  title = 	 {Design languages},
  booktitle = 	 {Bringing Design to Software},
  chapter = 	 {4},
  publisher = 	 {ACM Press},
  year = 	 {1996},
  OPTkey = 	 {},
  OPTvolume = 	 {},
  OPTnumber = 	 {},
  OPTseries = 	 {},
  OPTtype = 	 {},
  address = 	 {New York, NY, USA},
  OPTedition = 	 {},
  OPTmonth = 	 {},
  pages = 	 {63--80},
  OPTnote = 	 {},
  OPTannote = 	 {}
}

@Article{DykstraErickson:etal,
  author =	 {Dykstra-Erickson, Elizabeth and MacKay, Wendy and
                  Arnowitz, Jonathan},
  title = 	 {Perspectives: trialogue on design (of)},
  journal = 	 {interactions},
  year = 	 {2001},
  OPTkey = 	 {},
  volume = 	 {8},
  number = 	 {2},
  pages = 	 {109--117},
  OPTmonth = 	 {},
  OPTnote = 	 {},
  OPTannote = 	 {}
}


@InBook{Norman:1986,
  author = 	 {Donald Arthur Norman},
  title = 	 {Cognitive Engineering},
  OPTcrossref =  {},
  OPTkey = 	 {},
  booktitle =	 {User Centered System Design: New Perspectives on
                  Human-computer Interaction},
  chapter = 	 {3},
  pages = 	 {31--61},
  year = 	 {1986},
  editor = 	 {Donald Arthur Norman and Stephen W. Draper},
  OPTvolume = 	 {},
  OPTnumber = 	 {},
  OPTseries = 	 {},
  address = 	 {Hillsdale, NJ, USA},
  OPTmonth = 	 {},
  OPTorganization = {},
  publisher = {Lawrence Erlbaum Associates},
  OPTnote = 	 {},
  OPTannote = 	 {}
}

@InBook{Norman:1983,
  author = 	 {Donald Arthur Norman},
  title = 	 {Some observations on mental models},
  OPTcrossref =  {},
  OPTkey = 	 {},
  booktitle = {Mental Models},
  chapter = 	 {1},
  pages = 	 {7--14},
  year = 	 {1983},
  editor = 	 {Derdre Gentner and Albert L. Stevens},
  OPTvolume = 	 {},
  OPTnumber = 	 {},
  OPTseries = 	 {},
  address = 	 {Hillsdale, NJ, USA},
  OPTmonth = 	 {},
  OPTorganization = {},
  publisher = {Lawrence Erlbaum Associates},
  OPTnote = 	 {},
  OPTannote = 	 {}
}

@PhdThesis{Folmer:2005,
  author = 	 {Eelke Folmer},
  title = 	 {Software Architecture Analysis of Usability},
  school = 	 {University of Groningen},
  year = 	 {2005},
  OPTkey = 	 {},
  OPTtype = 	 {},
  OPTaddress = 	 {},
  OPTmonth = 	 {},
  OPTnote = 	 {},
  OPTannote = 	 {}
}

@InProceedings{CostaNeto:etal:2011,
  author =	 {Costa, Neto, Macilon Ara\'ujo and de, Souza,
                  Alessandro Jos\'e and Jair Cavalcanti Leite},
  title =	 {Identificando problemas de usabilidade atrav\'{e}s
                  de inspe\c{c}\~{a}o no modelo de intera\c{c}\~{a}o},
  OPTcrossref =  {},
  OPTkey = 	 {},
  booktitle =	 {Anais do X Simp\'{o}sio de Fatores Humanos em
                  Sistemas Computacionais},
  pages = 	 {124--133},
  year = 	 {2011},
  OPTeditor = 	 {},
  volume = 	 {1},
  OPTnumber = 	 {},
  OPTseries = 	 {},
  address = 	 {Porto de Galinha, PE, Brasil},
  month = 	 {Outubro},
  OPTorganization ={Sociedade Brasileita de Computa\c{c}\~{a}o},
  OPTpublisher = {},
  OPTnote = 	 {},
  OPTannote = 	 {}
}

@InProceedings{Lavor:Leite:2011,
  author =	 {Renato Barbalho Lav\^or and Jair Cavalcanti Leite},
  title =	 {Ferramenta para Modelagem de Intera\c{c}\~{a}o e
                  Interface de Usu\'{a}rio},
  OPTcrossref =  {},
  OPTkey = 	 {},
  booktitle =	 {XIV Ibero-American Conference on Software
                  Engineering},
  OPTpages = 	 {},
  year = 	 {2011},
  OPTeditor = 	 {},
  volume = 	 {1},
  OPTnumber = 	 {},
  OPTseries = 	 {},
  address = 	 {Rio de Janeiro, RJ, Brasil},
  OPTmonth = 	 {},
  OPTorganization ={},
  publisher =	 {Editora PUC-Rio},
  OPTnote = 	 {},
  OPTannote = 	 {}
}

@Monography{Pereira:2010,
  author =	 {Thiago Marques Pereira},
  title =	 {Uma ferramenta para gera\c{c}\~{a}o autom\'{a}tica
                  da descri\c{c}\~{a}o narrativa do processo de
                  intera\c{c}\~{a}o usu\'{a}rio-sitema segundo a
                  Engenharia Semi\'{o}tica},
  school =	 {Departamento de Informática e Matemática Aplicada,
                  Universidade Federal do Rio Grande do Norte},
  year = 	 {2010},
  OPTkey = 	 {},
  type = 	 {Graduação em Ciência da Computação},
  OPTnumber = 	 {},
  address = 	 {Natal, RN, Brasil},
  month = 	 {Dezembro,},
  OPTnote = 	 {},
  OPTannote = 	 {}
}

@InProceedings{CostaNeto:etal:2009,
  author =	 {Costa, Neto, Macilon Ara\'ujo and de, Souza,
                  Alessandro Jos\'e and Renato Barbalho Lav\^or and
                  Carlos Breno Pereira Silva and Jair Cavalcanti
                  Leite},
  title =	 {Desenvolvendo Interfaces de Usu\'{a}rio
                  Multiplataformas utilizando MDA},
  OPTcrossref =  {},
  OPTkey = 	 {},
  booktitle =	 {Anais da I Confer\^{e}ncia Sul-Americana de Design
                  de Intera\c{c}\~{a}o},
  pages = 	 {26--35},
  year = 	 {2009},
  OPTeditor = 	 {},
  volume = 	 {1},
  OPTnumber = 	 {},
  OPTseries = 	 {},
  address = 	 {S\~{a}o Paulo, SP, Brasil},
  month = 	 {Novembro},
  organization = {Interaction Design Association},
  publisher =	 {IxDA-SP},
  OPTnote = 	 {},
  OPTannote = 	 {}
}

@InProceedings{CostaNeto:Leite:2010,
  author =	 {Costa, Neto, Macilon Ara\'ujo and Jair Cavalcanti
                  Leite},
  title =	 {O uso de descri\c{c}\~{o}es narrativas para avaliar
                  significados em interfaces de usu\'{a}rio},
  OPTcrossref =  {},
  OPTkey = 	 {},
  booktitle =	 {Anais do IX Simp\'{o}sio de Fatores Humanos em
                  Sistemas Computacionais},
  pages = 	 {265--266},
  year = 	 {2010},
  OPTeditor = 	 {},
  volume = 	 {1},
  OPTnumber = 	 {},
  OPTseries = 	 {},
  address = 	 {Belo Horizonte, MG, Brasil},
  OPTmonth = 	 {},
  OPTorganization ={Sociedade Brasileita de Computa\c{c}\~{a}o},
  OPTpublisher = {},
  OPTnote = 	 {},
  OPTannote = 	 {}
}

@InProceedings{CostaNeto:Leite:2011,
  author = 	 {Costa, Neto, Macilon Ara\'ujo and Jair Cavalcanti Leite},
  title =	 {Empregando modelo de intera\c{c}\~{a}o na
                  representa\c{c}\~{a}o de padr\~{o}es de usabilidade},
  OPTcrossref =  {},
  OPTkey = 	 {},
  booktitle =	 {Anais do X Simp\'{o}sio Brasileiro de Sistemas de
                  Informa\c{c}\~{a}o},
  pages = 	 {286--297},
  year = 	 {2011},
  OPTeditor = 	 {},
  volume = 	 {1},
  OPTnumber = 	 {},
  OPTseries = 	 {},
  address = 	 {Salvador, BA, Brasil},
  OPTmonth = 	 {},
  OPTorganization ={Sociedade Brasileita de Computa\c{c}\~{a}o},
  OPTpublisher = {},
  OPTnote = 	 {},
  OPTannote = 	 {}
}

@Article{Ramesh:etal:2004,
  author =	 {Venkataraman Ramesh and Robert L. Glass and Iris
                  Vessey},
  title =	 {Research in computer science: an empirical study},
  journal = 	 {Journal of Systems and Software},
  year = 	 {2004},
  OPTkey = 	 {},
  volume = 	 {70},
  number = 	 {1-2},
  pages = 	 {165--176},
  OPTmonth = 	 {},
  OPTnote = 	 {},
  OPTannote = 	 {}
}

@Manual{ISO:9126,
  OPTkey = 	 {},
  OPTauthor = 	 {},
  title =	 {{ISO} 9126},
  subtitle =	 {Software Product Evaluations - Quality
                  Characteristics and Guidelines for their Use},
  organization = {International Organization for Standardization},
  org-short =	 {ISO},
  OPThowpublished = {},
  OPTmonth =	 {},
  year =	 {1991},
  OPTnote = 	 {},
  OPTannote = 	 {}
}

@Book{Dix:etal:2004,
  author =	 {Dix, Alan and Finley, Janet and Abowd, Gregory and
                  Beale, Russell},
  ALTeditor = 	 {},
  title = 	 {Human-computer interaction},
  publisher = 	 {Pearson Education Limited},
  year = 	 {2004},
  OPTkey = 	 {},
  OPTvolume = 	 {},
  OPTnumber = 	 {},
  OPTseries = 	 {},
  address = 	 {Harlow, England, UK},
  edition = 	 {3rd},
  OPTmonth = 	 {},
  OPTnote = 	 {},
  OPTannote = 	 {}
}

@Book{Norman:1988,
  author = 	 {Donald Arthur Norman},
  ALTeditor = 	 {},
  title = 	 {The Design of Everyday Things},
  publisher = 	 {Currency Doubleday},
  year = 	 {1988},
  OPTkey = 	 {},
  OPTvolume = 	 {},
  OPTnumber = 	 {},
  OPTseries = 	 {},
  address = 	 {New York, NY, USA},
  OPTedition = 	 {},
  month = 	 {September},
  OPTnote = 	 {},
  OPTannote = 	 {}
}

@Article{Folmer:2004,
  author = 	 {Eelke Folmer},
  title = 	 {Architecting for usability: a survey},
  journal = 	 {Journal of Systems and Software},
  year = 	 {2004},
  OPTkey = 	 {},
  volume = 	 {70},
  number = 	 {1-2},
  pages = 	 {61--78},
  month = 	 {Feb},
  OPTnote = 	 {},
  OPTannote = 	 {}
}

@Article{Moran:1981,
  author = 	 {Thomas P. Moran},
  title =	 {The Command Language Grammars: a representation for
                  the user interface of interactive computer systems},
  journal = 	 {International Journal of Machine Studies},
  year = 	 {1981},
  OPTkey = 	 {},
  volume = 	 {15},
  OPTnumber = 	 {},
  pages = 	 {3--50},
  OPTmonth = 	 {},
  OPTnote = 	 {},
  OPTannote = 	 {}
}

@Book{Barbosa:daSilva:2010,
  author =	 {Simone Diniz Junqueira Barbosa and da, Silva, Bruno
                  Santana},
  ALTeditor = 	 {},
  title = 	 {Intera\c{c}\~{a}o Humano-Computador},
  publisher = 	 {Elsevier},
  year = 	 {2010},
  OPTkey = 	 {},
  OPTvolume = 	 {},
  OPTnumber = 	 {},
  series = 	 {S\'{e}rie SBC},
  address = 	 {Rio de Janeiro, RJ, Brasil},
  OPTedition = 	 {},
  OPTmonth = 	 {},
  OPTnote = 	 {},
  OPTannote = 	 {}
}

@book{Shneiderman:1998,
  author =	 {Shneiderman, Ben},
  title =	 {Designing the User Interface: Strategies for
                  Effective Human-Computer Interaction},
  year =	 {1998},
  isbn =	 {0201694972},
  edition =	 {3rd},
  publisher =	 {Addison-Wesley Longman Publishing Co., Inc.},
  address =	 {Boston, MA, USA},
}

@book{Nielsen:1993,
  author =	 {Jakob Nielsen},
  title =	 {Usability engineering},
  publisher =	 {Academic Press},
  year =	 {1993},
  isbn =	 {978-0-12-518405-2},
  pages =	 {I-XIV, 1-358},
  bibsource =	 {DBLP, http://dblp.uni-trier.de}
}

@book{Hix:1993,
  author =	 {Hix, Deborah and Hartson, H. Rex},
  title =	 {Developing user interfaces: ensuring usability
                  through product \& process},
  year =	 {1993},
  isbn =	 {0-471-57813-4},
  publisher =	 {John Wiley \& Sons, Inc.},
  address =	 {New York, NY, USA},
}

@Article{Puerta:1997,
  author = 	 {Angel R. Puerta},
  title =	 {A Model-Based Interface Development Environment},
  journal = 	 {IEEE Software},
  year = 	 {1997},
  OPTkey = 	 {},
  volume = 	 {14},
  number = 	 {4},
  pages = 	 {40--47},
  month = 	 {July/August},
  OPTnote = 	 {},
  OPTannote = 	 {}
}

@Book{Peirce:1931--1958,
  author = 	 {Charles Sanders Peirce},
  editor = 	 {Charles Hartshorne and Paul Weiss},
  title = 	 {Collected Papers of Charles Sanders Peirce},
  publisher = 	 {Harvard University Press},
  year = 	 {{1931--1958}},
  OPTkey = 	 {},
  volume = 	 {1--8},
  OPTnumber = 	 {},
  OPTseries = 	 {},
  address = 	 {Cambridge, MA, USA},
  OPTedition = 	 {},
  OPTmonth = 	 {},
  OPTnote = 	 {},
  OPTannote = 	 {}
}

@InCollection{Jakobson:1960,
  author = 	 {Roman Jakobson},
  title = 	 {Linguistics and Poetics},
  booktitle = 	 {Style In Language},
  OPTcrossref =  {},
  OPTkey = 	 {},
  pages = 	 {350--377},
  publisher =	 {MIT Press},
  year = 	 {1960},
  editor = 	 {Thomas A. Sebeok},
  OPTvolume = 	 {},
  OPTnumber = 	 {},
  OPTseries = 	 {},
  OPTtype = 	 {},
  OPTchapter = 	 {},
  address = 	 {Cambridge, MA, USA},
  OPTedition = 	 {},
  OPTmonth = 	 {},
  OPTnote = 	 {},
  OPTannote = 	 {}
}

@Book{Eco:1976,
  author = 	 {Umberto Eco},
  ALTeditor = 	 {},
  title = 	 {A theory of semiotics},
  publisher = 	 {Indiana University Press},
  year = 	 {1976},
  OPTkey = 	 {},
  OPTvolume = 	 {},
  OPTnumber = 	 {},
  OPTseries = 	 {},
  address = 	 {Bloomington, IN, USA},
  OPTedition = 	 {},
  OPTmonth = 	 {},
  OPTnote = 	 {},
  OPTannote = 	 {}
}

@Book{Eco:1984,
  author = 	 {Umberto Eco},
  ALTeditor = 	 {},
  title = 	 {Semiotics and the Philosophy of Language},
  publisher = 	 {Indiana University Press},
  year = 	 {1984},
  OPTkey = 	 {},
  OPTvolume = 	 {},
  OPTnumber = 	 {},
  OPTseries = 	 {},
  address = 	 {Bloomington, IN, USA},
  OPTedition = 	 {},
  OPTmonth = 	 {},
  OPTnote = 	 {},
  OPTannote = 	 {}
}

@Article{deSouza:1993,
  author = 	 {de, Souza, Clarisse Sieckenius},
  title = 	 {The semiotic engineering of user interface languages},
  journal = 	 {International Journal of Man-machine Studies},
  year = 	 {1993},
  OPTkey = 	 {},
  volume = 	 {39},
  number = 	 {5},
  pages = 	 {753--773},
  OPTmonth = 	 {},
  OPTnote = 	 {},
  OPTannote = 	 {}
}

@Book{Gamma:etal:1995,
  author =	 {Erich Gamma and Richard Helm and Ralph Johnson and
                  John M. Vlissides},
  ALTeditor =	 {},
  title =	 {Design Patterns: Elements of Reusable
                  Object-Oriented Software},
  publisher = 	 {Addison Wesley},
  year = 	 {1995},
  OPTkey = 	 {},
  OPTvolume = 	 {},
  OPTnumber = 	 {},
  OPTseries = 	 {},
  OPTaddress = 	 {},
  OPTedition = 	 {},
  OPTmonth = 	 {},
  OPTnote = 	 {},
  OPTannote = 	 {}
}

@InProceedings{deSouza:etal:1999,
  author =	 {de, Souza, Clarisse Sieckenius and Jair Cavalcanti
                  Leite and Raquel Oliviveira Prates and Simode Diniz
                  Junqueira Barbosa},
  title =	 {Projeto de Interface de Usu\'{a}rio: Pespectivas
                  Cognitivas e Semi\'{o}ticas},
  OPTcrossref =  {},
  OPTkey = 	 {},
  booktitle =	 {Anais do XIX Congresso Nacional da Sociedade
                  Brasileira de Computa\c{c}\~{a}o},
  pages = 	 {425-476},
  year = 	 {1999},
  OPTeditor = 	 {},
  volume = 	 {2},
  OPTnumber = 	 {},
  OPTseries = 	 {},
  address = 	 {Rio de Janeiro, RJ, Brasil},
  OPTmonth = 	 {},
  OPTorganization = {},
  publisher =	 {Edi\c{c}\~{o}es Entrelugar},
  OPTnote = 	 {},
  OPTannote = 	 {}
}

@Book{Gamma:etal:2000,
  author =	 {Erich Gamma and Richard Helm and Ralph Johnson and
                  John M. Vlissides},
  ALTeditor = 	 {},
  title =	 {Padr\~{o}es de projeto: solu\c{c}\~{o}es
                  reutiliz\'{a}veis de software orientado a objetos},
  publisher = 	 {Bookman},
  year = 	 {2000},
  OPTkey = 	 {},
  OPTvolume = 	 {},
  OPTnumber = 	 {},
  OPTseries = 	 {},
  address = 	 {Porto Alegre, RS, Brasil},
  OPTedition = 	 {},
  OPTmonth = 	 {},
  OPTnote = 	 {},
  OPTannote = 	 {}
}

@Book{Borchers:2001,
  author = 	 {Borchers, Jan},
  ALTeditor = 	 {},
  title = 	 {A Pattern Approach to Interaction Design},
  publisher = 	 {John Wiley \& Sons, Inc.},
  year = 	 {2001},
  OPTkey = 	 {},
  OPTvolume = 	 {},
  OPTnumber = 	 {},
  OPTseries = 	 {},
  address = 	 {New York, NY, USA},
  OPTedition = 	 {},
  OPTmonth = 	 {},
  OPTnote = 	 {},
  OPTannote = 	 {}
}

@Misc{Welie:2001,
  OPTkey = 	 {},
  author = 	 {van, Welie, Martijn},
  OPTtitle = 	 {},
  howpublished = {http://www.welie.com/patterns/},
  OPTmonth = 	 {},
  year = 	 {2001},
  note = 	 {Acessado em mar\c{c}o de 2010},
  OPTannote = 	 {}
}



@Misc{Tidwell:1999,
  OPTkey = 	 {},
  author = 	 {Jenifer Tidwell },
  title = 	 {A Pattern Language for Human-Computer Interface Design},
  howpublished = {http://www.mit.edu/~jtidwell/common\_ground.html},
  OPTmonth = 	 {},
  year = 	 {1999},
  note = 	 {Acessado em mar\c{c} de 2011},
  OPTannote = 	 {}
}

@Misc{Tidwell:2002,
  OPTkey = 	 {},
  author = 	 {Tidwell, Jenifer},
  OPTtitle = 	 {},
  howpublished = {http://www.designinginterfaces.com/},
  OPTmonth = 	 {},
  year = 	 {2002},
  note = 	 {Acessado em mar\c{c}o de 2010},
  OPTannote = 	 {}
}

@InProceedings{Leite:2003,
  author =	 {Jair Cavalcanti Leite},
  title =	 {Specifying The User Interface as an Interactive
                  Message},
  OPTcrossref =  {},
  OPTkey = 	 {},
  booktitle =	 {Proceedings of Human-Computer Interaction
                  International (HCII'2003)},
  pages = 	 {716-720},
  year = 	 {2003},
  OPTeditor = 	 {},
  volume = 	 {2},
  OPTnumber = 	 {},
  OPTseries = 	 {},
  address = 	 {Heraklion, Creta, Greece},
  OPTmonth = 	 {},
  OPTorganization = {},
  publisher =	 {Lawrence Erlbaum Associates},
  OPTnote =	 {Mahwah, NJ: Lawrence Erlbaum Associates, 2003},
  OPTannote = 	 {}
}

@Book{Coplien:Harrison:2004,
  author =	 {Coplien, James O. and Harrison, Neil B.},
  ALTeditor = 	 {},
  title =	 {Organizational Patterns of Agile Software
                  Development},
  publisher = 	 {Prentice-Hall, Inc.},
  year = 	 {2004},
  OPTkey = 	 {},
  OPTvolume = 	 {},
  OPTnumber = 	 {},
  OPTseries = 	 {},
  OPTaddress = 	 {},
  OPTedition = 	 {},
  OPTmonth = 	 {},
  OPTnote = 	 {},
  OPTannote = 	 {}
}

@PhdThesis{Leite:1998,
  author =	 {Jair Cavalcanti Leite},
  title =	 {Modelos e Formalismos para a Engenharia Semi\'otica
                  de Interfaces de Usu\'ario},
  school =	 {Pontif\'icia Universidade Cat\'olica do Rio de
                  Janeiro},
  year = 	 {1998},
  OPTkey = 	 {},
  OPTtype = 	 {},
  address = 	 {Rio de Janeiro, RJ, Brasil},
  OPTmonth = 	 {},
  OPTnote = 	 {},
  OPTannote = 	 {}
}

@MastersThesis{CostaNeto:2005,
  author =	 {Costa, Neto, Macilon Ara\'ujo},
  title =	 {Uma extens\~{a}o da IMML para apoiar o Design de
                  Interfaces de Usu\'{a}rio Multi-Plataforma},
  school =	 {Universidade Federal do Rio Grande do Norte},
  year = 	 {2005},
  OPTkey = 	 {},
  OPTtype = 	 {},
  address = 	 {Natal, RN, Brasil},
  OPTmonth = 	 {},
  OPTnote = 	 {},
  OPTannote = 	 {}
}

@InProceedings{Leite:2005,
  author = 	 {Jair Cavalcanti Leite},
  title =	 {Improving Usability by Communicating Functional and
                  Interaction Models through the User Interface},
  OPTcrossref =  {},
  OPTkey = 	 {},
  booktitle =	 {Proceedings of HCI International 2005 - 11th
                  International Conference on Human-Computer
                  Interaction},
  pages = 	 {1--10},
  year = 	 {2005},
  OPTeditor = 	 {},
  volume = 	 {1},
  OPTnumber = 	 {},
  OPTseries = 	 {},
  address = 	 {Las Vegas},
  OPTmonth = 	 {},
  OPTorganization = {},
  publisher =	 {Lawrence Erlbaum Associates},
  OPTnote = 	 {},
  OPTannote = 	 {}
}

@Book{deSouza:2005,
  author = 	 {de, Souza, Clarisse Sieckenius},
  ALTeditor = 	 {},
  title =	 {The Semiotic Engineering of Human-Computer
                  Interaction (Acting with Technology)},
  publisher = 	 {The MIT Press},
  year = 	 {2005},
  OPTkey = 	 {},
  OPTvolume = 	 {},
  OPTnumber = 	 {},
  OPTseries = 	 {},
  address = 	 {Cambridge, MA, USA},
  OPTedition = 	 {},
  OPTmonth = 	 {},
  OPTnote = 	 {},
  OPTannote = 	 {}
}

@InProceedings{CostaNeto:Leite:2006,
  author =	 {Costa, Neto, Macilon Ara\'ujo and Jair Cavalcanti
                  Leite},
  title =	 {Usando a IMML no desenvolvimento de interfaces de
                  usu\'{a}rio para m\'{u}ltiplas plataformas},
  OPTcrossref =  {},
  OPTkey = 	 {},
  booktitle =	 {Anais do VII Simp\'{o}sio de Fatores Humanos em
                  Sistemas Computacionais},
  pages = 	 {128--137},
  year = 	 {2006},
  OPTeditor = 	 {},
  OPTvolume = 	 {},
  OPTnumber = 	 {},
  series = 	 {IHC'06},
  address = 	 {Porto Alegre, RS, Brasil},
  OPTmonth = 	 {},
  location =	 {Natal, RN, Brasil},
  publisher =	 {Sociedade Brasileira de Computa\c{c}\~{a}o},
  OPTnote = 	 {},
  OPTannote = 	 {}
}

@InCollection{Prates:Barbaosa:2007,
  author =	 {Prates, Raquel Oliveira and Barbosa, Simone Diniz
                  Junqueira},
  title =	 {Introdu\c{c}\~{a}o \`{a} teoria e pr\'{a}tica da
                  intera\c{c}\~{a}o humano computador fundamentada na
                  engenharia semi\'{o}tica},
  booktitle =	 {Jornadas de Atualiza\c{c}\~{a}o em Inform\'{a}tica
                  (JAI'2007)},
  OPTcrossref =  {},
  OPTkey = 	 {},
  pages = 	 {263--326},
  publisher =	 {Ed. PUC-Rio},
  year = 	 {2007},
  editor = 	 {Kowaltowski, T. and Breitman, K. K.},
  OPTvolume = 	 {},
  OPTnumber = 	 {},
  OPTseries = 	 {},
  OPTtype = 	 {},
  OPTchapter = 	 {},
  address = 	 {Rio de Janeiro, RJ, Brasil},
  OPTedition = 	 {},
  OPTmonth = 	 {},
  OPTnote = 	 {},
  OPTannote = 	 {}
}

@InProceedings{deSouza:Cypher:2008,
  author =	 {de, Souza, Clarisse Sieckenius and Allen Cypher},
  title =	 {Semiotic engineering in practice: redesigning the
                  CoScripter interface},
  OPTcrossref =  {},
  OPTkey = 	 {},
  booktitle =	 {Proceedings of the working conference on Advanced
                  visual interfaces (AVI'08)},
  pages = 	 {165--172},
  year = 	 {2008},
  OPTeditor = 	 {},
  OPTvolume = 	 {},
  OPTnumber = 	 {},
  OPTseries = 	 {},
  address = 	 {New York, NY, USA},
  OPTmonth = 	 {},
  OPTorganization = {},
  publisher =	 {ACM Press},
  OPTnote = 	 {},
  OPTannote = 	 {}
}

@Article{Tichy:etal:1995,
  author =	 {Walter F. Tichy and Paul Lukowicz and Lutz Prechelt
                  and Ernst A. Heinz},
  title =	 {Experimental evaluation in computer science: A
                  quantitative study},
  journal = 	 {Journal of Systems and Software},
  year = 	 {1995},
  OPTkey = 	 {},
  volume = 	 {28},
  number = 	 {1},
  pages = 	 {9--18},
  OPTmonth = 	 {},
  OPTnote = 	 {},
  OPTannote = 	 {}
}

@InProceedings{Votta:Porter:1995,
  author =	 {Votta, Lawrence G. and Porter, Adam},
  title =	 {Experimental software engineering: a report on the
                  state of the art},
  OPTcrossref =  {},
  OPTkey = 	 {},
  booktitle =	 {Proceedings of the 17th international conference on
                  Software engineering (ICSE'95)},
  pages = 	 {277--279},
  year = 	 {1995},
  OPTeditor = 	 {},
  OPTvolume = 	 {},
  OPTnumber = 	 {},
  OPTseries = 	 {},
  address = 	 {New York, NY, USA},
  OPTmonth = 	 {},
  OPTorganization = {},
  publisher =	 {ACM},
  OPTnote = 	 {},
  OPTannote = 	 {}
}

@Book{Tidwell:2005,
  author =	 {Jenifer Tidwell},
  ALTeditor = 	 {},
  title =	 {Designing Interfaces: Patterns for Effective
                  Interaction Design},
  publisher = 	 {O'Reilly Media, Inc.},
  year = 	 {2005},
  OPTkey = 	 {},
  OPTvolume = 	 {},
  OPTnumber = 	 {},
  OPTseries = 	 {},
  address = 	 {Sebastopol, CA, USA},
  edition = 	 {1},
  month = 	 {November},
  OPTnote = 	 {},
  OPTannote = 	 {}
}

@InCollection{Nielsen:1994,
  author = 	 {Jakob Nielsen},
  title = 	 {Heuristic evaluation},
  booktitle = 	 {Usability inspection methods},
  OPTcrossref =  {},
  OPTkey = 	 {},
  pages = 	 {25--62},
  publisher =	 {John Wiley \& Sons, Inc.},
  year = 	 {1994},
  editor = 	 {Nielsen, Jakob and Mack, Robert L.},
  OPTvolume = 	 {},
  OPTnumber = 	 {},
  OPTseries = 	 {},
  OPTtype = 	 {},
  OPTchapter = 	 {},
  address = 	 {New York, NY, USA},
  OPTedition = 	 {},
  OPTmonth = 	 {},
  OPTnote = 	 {},
  OPTannote = 	 {}
}

@InProceedings{Silva:etal:2005,
  author =	 {da, Silva, Andr\'{e} Constantino and Silva,
                  J\'{u}nia Coutinho Anacleto and Penteado,
                  Ros\^{a}ngela Aparecida Dellosso and da, Silva,
                  S\'{e}rgio Roberto Pereira},
  title =	 {Integrando vis\~{o}es de IHC e de ES por padr\~{o}es
                  no desenvolvimento por prototipa\c{c}\~{a}o
                  descart\'{a}vel},
  OPTcrossref =  {},
  OPTkey = 	 {},
  booktitle =	 {Proceedings of the 2005 Latin American conference on
                  Human-computer interaction},
  pages = 	 {223--234},
  year = 	 {2005},
  OPTeditor = 	 {},
  OPTvolume = 	 {},
  OPTnumber = 	 {},
  series = 	 {CLIHC'05},
  address = 	 {New York, NY, USA},
  OPTmonth = 	 {},
  OPTorganization = {},
  publisher = {ACM},
  OPTnote = 	 {},
  OPTannote = 	 {}
}

@Book{Alexander:etal:1977,
  author = 	 {Christopher Alexander and Sara Ishikawa and Murray Silverstein},
  ALTeditor = 	 {},
  title = 	 {A Pattern Language: Towns, Buildings, Construction},
  publisher = 	 {Oxford University Press},
  year = 	 {1977},
  OPTkey =	 {architecture, campus, design, experiment,
                  mathgamespatterns, oregon, patterns, planning},
  OPTvolume = 	 {},
  OPTnumber = 	 {},
  OPTseries = 	 {},
  OPTaddress = 	 {},
  OPTedition = 	 {Later printing},
  month = 	 {August},
  OPTnote = 	 {},
  OPTannote = 	 {}
}

@Book{Alexander:1979,
  author = 	 {Christopher Alexander},
  ALTeditor = 	 {},
  title = 	 {The Timeless Way of Building},
  publisher = 	 {Oxford University Press},
  year = 	 {1979},
  OPTkey = 	 {},
  OPTvolume = 	 {},
  OPTnumber = 	 {},
  OPTseries = 	 {},
  address = 	 {New York},
  OPTedition = 	 {},
  OPTmonth = 	 {},
  OPTnote = 	 {},
  OPTannote = 	 {}
}

@Book{Buschmann:etal:2001,
  author =	 {Buschmann, Frank and Meunier, Regine and Rohnert,
                  Hans and Sommerlad, Peter and Michael, Stal},
  ALTeditor = 	 {},
  title =	 {Pattern-Oriented Software Architecture: A System of
                  Patterns},
  publisher = 	 {John Wiley and Sons},
  year = 	 {2001},
  OPTkey = 	 {},
  volume = 	 {1},
  OPTnumber = 	 {},
  OPTseries = 	 {},
  OPTaddress = 	 {},
  OPTedition = 	 {},
  OPTmonth = 	 {},
  OPTnote = 	 {},
  OPTannote = 	 {}
}

@InProceedings{Brown:Marshall:1998,
  author =	 {Brown, Judy and Marshall, Stuart},
  title =	 {Sharing human-computer interaction and software
                  engineering design artifacts},
  OPTcrossref =  {},
  OPTkey = 	 {},
  booktitle =	 {Proceedings of the Australasian Conference on
                  Computer Human Interaction (OZCHI'98)},
  pages = 	 {53},
  year = 	 {1998},
  OPTeditor = 	 {},
  OPTvolume = 	 {},
  OPTnumber = 	 {},
  OPTseries = 	 {},
  address = 	 {Washington, DC, USA},
  OPTmonth =	 {},
  OPTorganization ={},
  publisher =	 {IEEE Computer Society},
  OPTnote = 	 {},
  OPTannote = 	 {}
}

@InProceedings{Bueno:Barbosa:2007,
  author =	 {Bueno, Ariane Moraes and Barbosa, Simone Diniz
                  Junqueira},
  title =	 {Using an interaction-as-conversation diagram as a
                  glue language for HCI design patterns on the web},
  OPTcrossref =  {},
  OPTkey = 	 {},
  booktitle =	 {Proceedings of the 5th international conference on
                  Task models and diagrams for users interface design},
  pages = 	 {122--136},
  year = 	 {2007},
  OPTeditor = 	 {},
  OPTvolume = 	 {},
  OPTnumber = 	 {},
  series = 	 {TAMODIA'06},
  address = 	 {Berlin, Heidelberg},
  OPTmonth = 	 {},
  OPTorganization = {},
  publisher =	 {Springer-Verlag},
  OPTnote = 	 {},
  OPTannote = 	 {}
}

@InProceedings{Barbosa:dePaula:2003,
  author =	 {Barbosa, Simone Diniz Junqueira and de, Paula,
                  Ma\'ira Greco},
  title =	 {Designing and Evaluating Interaction as
                  Conversation: A Modeling Language Based on Semiotic
                  Engineering},
  OPTcrossref =  {},
  OPTkey = 	 {},
  booktitle =	 {Interactive Systems. Design, Specification, and
                  Verification, 10th International Workshop
                  (DSV-IS'2003)},
  pages = 	 {16-33},
  year = 	 {2003},
  editor =	 {Joaquim A. Jorge and Nuno Jardim Nunes and Jo{\~ a}o
                  {Falc{\~ a}o e Cunha}},
  volume = 	 {2844},
  OPTnumber = 	 {},
  series = 	 {Lecture Notes in Computer Science},
  OPTaddress = 	 {},
  OPTmonth = 	 {},
  OPTorganization = {},
  publisher =	 {Springer},
  OPTnote = 	 {},
  OPTannote = 	 {}
}

@MastersThesis{dePaula:2003,
  author =	 {de, Paula, Ma\'ira Greco},
  title =	 {Projeto da Intera\c{c}\~{a}o Humano-Computador
                  Baseado em Modelos Fundamentados na Engenharia
                  Semi\'{o}tica: Constru\c{c}\~{a}o de um Modelo de
                  Intera\c{c}\~{a}o},
  school =	 {Departamento de Inform\'{a}tica, Pontif\'{i}cia
                  Universidade Cat\'{o}lica do Rio de Janeiro},
  year = 	 {2003},
  OPTkey = 	 {},
  OPTtype = 	 {},
  OPTaddress = 	 {},
  OPTmonth = 	 {},
  OPTnote = 	 {},
  OPTannote = 	 {}
}

@inproceedings{Paterno:2001,
  author =	 {Patern\`o, Fabio},
  title =	 {Towards a UML for Interactive Systems},
  booktitle =	 {Proceedings of the 8th IFIP International Conference
                  on Engineering for Human-Computer Interaction},
  series =	 {EHCI'01},
  year =	 {2001},
  isbn =	 {3-540-43044-X},
  pages =	 {7--18},
  numpages =	 {12},
  url =		 {http://dl.acm.org/citation.cfm?id=645350.650738},
  acmid =	 {650738},
  publisher =	 {Springer-Verlag},
  address =	 {London, UK},
} 

@inproceedings{daSilva:Silveira:2010,
  author =	 {da, Silva, Tiago Silva and Silveira, Milene Selbach},
  title =	 {Valida\c{c}\~{a}o de um m\'etodo para
                  identifica\c{c}\~{a}o de problemas de usabilidade a
                  partir de diagramas UML},
  booktitle =	 {Anais do IX Simp\'{o}sio de Fatores Humanos em
                  Sistemas Computacionais},
  series =	 {IHC'10},
  year =	 {2010},
  location =	 {Belo Horizonte, MG, Brasil},
  pages =	 {179--188},
  numpages =	 {10},
  url =		 {http://dl.acm.org/citation.cfm?id=1999593.1999613},
  acmid =	 {1999613},
  publisher =	 {Sociedade Brasileira de Computa\c{c}\~{a}o},
  address =	 {Porto Alegre, RS, Brasil},
}

@inproceedings{daSilva:Silveira:2008,
  author =	 {da, Silva, Tiago Silva and Silveira, Milene Selbach},
  title =	 {Antecipando a avalia\c{c}\~{a}o de IHC:
                  verifica\c{c}\~{a}o de diretrizes a partir de
                  modelos},
  booktitle =	 {Anais do VIII Simp\'{o}sio de Fatores Humanos em
                  Sistemas Computacionais},
  series =	 {IHC'08},
  year =	 {2008},
  isbn =	 {978-85-7669-203-4},
  location =	 {Porto Alegre, RS, Brasil},
  pages =	 {248--251},
  numpages =	 {4},
  url =		 {http://dl.acm.org/citation.cfm?id=1497470.1497499},
  acmid =	 {1497499},
  publisher =	 {Sociedade Brasileira de Computa\c{c}\~{a}o},
  address =	 {Porto Alegre, RS, Brazil},
  keywords =	 {HCI, guideline review, model-based, usability
                  evaluation},
} 

@InProceedings{dePaula:Barbosa:2003,
  author =	 {de, Paula, Ma\'ira Greco and Barbosa, Simone Diniz
                  Junqueira},
  title =	 {Bringing Interaction Specifications to HCI Design
                  Patterns},
  OPTcrossref =  {},
  OPTkey = 	 {},
  booktitle =	 {Conference on Human Factors in Computing Systems},
  location =	 {Fort Lauderdale, FL, USA},
  OPTpages = 	 {},
  year =	 {2003},
  OPTeditor = 	 {},
  OPTvolume = 	 {},
  OPTnumber = 	 {},
  series =	 {CHI'2003 -- Workshop Perspectives on HCI Patterns:
                  Concepts and Tools},
  OPTaddress = 	 {},
  OPTmonth = 	 {},
  OPTorganization = {},
  OPTpublisher = {},
  OPTnote = 	 {},
  OPTannote = 	 {}
}

@Article{Grice:1975,
  author = 	 {Herbert Paul Grice},
  title = 	 {Logic and Conversation},
  journal = 	 {Syntax and Semantics},
  year = 	 {1976},
  OPTkey = 	 {},
  volume = 	 {3},
  OPTnumber = 	 {},
  pages = 	 {41--58},
  OPTmonth = 	 {},
  note = 	 {Speech Acts},
  OPTannote = 	 {}
}

@Book{Hutchby:Wooffitt:1997,
  author = 	 {Ian Hutchby and Robin Wooffitt},
  ALTeditor = 	 {},
  title = 	 {Conversation Analysis},
  publisher = 	 {Blackwell},
  year = 	 {1997},
  OPTkey = 	 {},
  OPTvolume = 	 {},
  OPTnumber = 	 {},
  OPTseries = 	 {},
  address = 	 {Oxford},
  OPTedition = 	 {},
  OPTmonth = 	 {},
  OPTnote = 	 {},
  OPTannote = 	 {}
}


@Book{Baecker:etal:1995,
  author =	 {Ronald M. Baecker and Jonathan Grudin and William
                  Buxton and Saul Greenberg},
  ALTeditor =	 {},
  title =	 {Readings in Human-Computer Interaction: Toward the
                  Year 2000},
  publisher =	 {Morgan Kaufmann Publishers Inc.},
  year = 	 {1995},
  OPTkey = 	 {},
  OPTvolume = 	 {},
  OPTnumber = 	 {},
  OPTseries = 	 {},
  address = 	 {San Francisco, CA, USA},
  edition = 	 {2nd},
  month = 	 {Jan},
  OPTnote = 	 {},
  OPTannote = 	 {}
}

@InCollection{Sellen:Nicol:1990,
  author =	 {Sellen, Abigail and Nicol, Anne},
  title =	 {Building User-centered On-line Help},
  booktitle = 	 {The Art of Human-Computer Interface Design},
  OPTcrossref =  {},
  OPTkey = 	 {},
  OPTpages = 	 {},
  publisher =	 {Addison-Wesley Publishing Company, Inc.},
  year = 	 {1990},
  editor = 	 {Laurel, Brenda},
  OPTvolume = 	 {},
  OPTnumber = 	 {},
  OPTseries = 	 {},
  OPTtype = 	 {},
  OPTchapter = 	 {},
  address = 	 {Reading, MA, USA},
  OPTedition = 	 {},
  OPTmonth = 	 {},
  OPTnote = 	 {},
  OPTannote = 	 {}
}

@Book{Snyder:2003,
  author = 	 {Carolyn Snyder},
  ALTeditor = 	 {},
  title = 	 {Paper Prototyping},
  publisher = 	 {Morgan Kaufmann Publishers Inc.},
  year = 	 {2003},
  OPTkey = 	 {},
  OPTvolume = 	 {},
  OPTnumber = 	 {},
  OPTseries = 	 {},
  address = 	 {San Francisco, CA, USA},
  OPTedition = 	 {},
  OPTmonth = 	 {},
  OPTnote = 	 {},
  OPTannote = 	 {}
}


%1%%%%%%%%%%%%%%%%%%%%%%%%%%
@InProceedings{papazoglou_et_al:2006,
  author =	{Michael P. Papazoglou and Paolo Traverso and Schahram Dustdar and Frank Leymann and Bernd J. Kr{\"a}mer},
  title =	{05462 Service-Oriented Computing: A Research Roadmap},
  booktitle =	{Service Oriented Computing (SOC)},
  year =	{2006},
  editor =	{Francisco Cubera and Bernd J. Kr{\"a}mer and Michael P. Papazoglou},
  number =	{05462},
  series =	{Dagstuhl Seminar Proceedings},
  ISSN =	{1862-4405},
  publisher =	{Internationales Begegnungs- und Forschungszentrum f{\"u}r Informatik (IBFI), Schloss Dagstuhl, Germany},
  address =	{Dagstuhl, Germany},
  URL =		{http://drops.dagstuhl.de/opus/volltexte/2006/524},
  annote =	{Keywords: Service-oriented computing, research road map, service foundations, service composition, service management, service monitoring, service-oriented engi}
}

%2%
@article{Dustdar:2008,
 editor = {Dustdar, Schahram and Kr\"{a}mer, Bernd J.},
 title = {Introduction to special issue on service oriented computing (SOC)},
 journal = {ACM Trans. Web},
 issue_date = {April 2008},
 volume = {2},
 number = {2},
 month = may,
 year = {2008},
 issn = {1559-1131},
 pages = {10:1--10:2},
 articleno = {10},
 numpages = {2},
 url = {http://doi.acm.org/10.1145/1346337.1346338},
 doi = {10.1145/1346337.1346338},
 acmid = {1346338},
 publisher = {ACM},
 address = {New York, NY, USA}
} 



%3%
@article{Papazoglou:2006,
 author = {Papazoglou, Michael P. and Heuvel, Willem\&\#45;Jan Van Den},
 title = {Service\&\#45;oriented design and development methodology},
 journal = {Int. J. Web Eng. Technol.},
 issue_date = {July 2006},
 volume = {2},
 number = {4},
 month = jul,
 year = {2006},
 issn = {1476-1289},
 pages = {412--442},
 numpages = {31},
 url = {http://dx.doi.org/10.1504/IJWET.2006.010423},
 doi = {10.1504/IJWET.2006.010423},
 acmid = {1358582},
 publisher = {Inderscience Publishers},
 address = {Inderscience Publishers, Geneva, SWITZERLAND},
 keywords = {SOA, business processes, choreography, design methodologies, development methodologies, life cycle development, service development, service integration, service interoperability, service oriented architectures, service oriented computing, web services}
} 

%4%
@INPROCEEDINGS{ZHANG,
author={Feig, Ephraim and Zhang, Liang-Jie (LJ) and Arsanjani, Ali and Xu, Zhiwei},
booktitle={Web Services, 2007. ICWS 2007. IEEE International Conference on}, title={Services Computing in Action: Services Architectures},
year={2007},
month={july},
volume={},
number={},
pages={xxxiv},
abstract={This panel is devoted to the topic of Services Architectures, which play a significant role in the effective operations and delivery of services businesses today.},
keywords={},
doi={10.1109/ICWS.2007.162},
ISSN={}
}

%5%
@book{WeerWeb2005,
  added-at = {2007-01-24T17:26:26.000+0100},
  author = {Weerawarana, Sanjiva and Curbera, Francisco and Leymann, Frank},
  biburl = {http://www.bibsonomy.org/bibtex/2a1c99533f486f226c7e88faa7d9d4c75/gregor},
  description = {KUG Recherche-Portal},
  interhash = {1396f1f1d0e7850f0f9616a887d7b132},
  intrahash = {a1c99533f486f226c7e88faa7d9d4c75},
  isbn = {0-13148-874-0},
  keywords = {Web-Services Webanwendungen Webentwicklungen SOA Web-Management},
  publisher = {Prentice Hall PTR},
  timestamp = {2007-01-24T17:26:26.000+0100},
  title = {Web Services Platform Architecture},
  year = 2005
}

%6%

@techreport{W3Cwebservice,
    author = {Booth, David and McCabe, Francis and Champion, Michael},
    citeulike-article-id = {6567158},
    citeulike-linkout-0 = {http://www.w3.org/TR/2004/NOTE-ws-arch-20040211/},
    keywords = {architecture, service, w3c, web, wsa},
    posted-at = {2011-03-10 09:29:01},
    priority = {2},
    title = {Web Services Architecture - {W3C} Working Group Note 11 February 2004},
    url = {http://www.w3.org/TR/2004/NOTE-ws-arch-20040211/}
    
}

%7%

@book{ISBN:1412034485,
  added-at = {2007-03-09T18:16:10.000+0100},
  address = {Victoria, BC},
  author = {Lacy, Lee W.},
  biburl = {http://www.bibsonomy.org/bibtex/2fa8b860d6dbd0160b4fc292e84a5fe10/ivan_herman},
  interhash = {b908b923837cadc7a2a020fb05adfcfa},
  intrahash = {fa8b860d6dbd0160b4fc292e84a5fe10},
  isbn = {1412034485},
  keywords = {books owl semanticweb sweo},
  publisher = {Trafford Publishing},
  seealso = {http://www4.wiwiss.fu-berlin.de/bookmashup/books/1412034485},
  timestamp = {2007-03-09T18:16:10.000+0100},
  title = {Owl: Representing Information Using the Web Ontology Language},
  year = 2005
}

%8%\bibitem {8} Wesley, Ajamu. WSFL in action, Part 1:When Web services cooperate. Disponível em URL: \url{http://www.ibm.com/developerworks/webservices/library/ws-wsfl1/}. Data de Acesso 24/06/2012.

@Webpage{Wesley,
url = {http://www.ibm.com/developerworks/webservices/library/ws-wsfl1/},
author = {Ajamu Wesley},
title = {WSFL in action, Part 1:When Web services cooperate.},
year = {2002},
lastchecked = {24 junho 2012},
note = {Excerpted from 5th edition of the APA Publication Manual}
}

%9%
@ARTICLE{Papazoglou_Traverso,
author={Papazoglou, M.P. and Traverso, P. and Dustdar, S. and Leymann, F.},
journal={Computer}, title={Service-Oriented Computing: State of the Art and Research Challenges},
year={2007},
month={nov. },
volume={40},
number={11},
pages={38 -45},
keywords={SOA;SOC research road map;Web services;agile applications;application component assembling;dynamic business processes;service-oriented computing;Web services;business data processing;object-oriented programming;software architecture;},
doi={10.1109/MC.2007.400},
ISSN={0018-9162}

}

%10%\bibitem {10} Plácido A. et al. Generating reliable services' composition using A-policies: a model-driven approach.


@PHDTHESIS{Placido,
   author={Plácido Antônio de Souza Neto},
   title={A Methodology for Building Reliable Service-Based Applications},
   address={Natal-RN},
   school={Universidade Federal do Rio Grande do Norte,
Departamento de Informática e Matemática Aplicada},
   year={2012}


%11%
@article{ba2005building,
  title={Building web services interfaces using predicate path expressions},
  author={Ba, C. and Ferrari, M.H. and Musicante, M.},
  journal={Proceedings of SBLP},
  pages={147--160},
  year={2005}
}

%12%
@article{Tsalgatidou,
 author = {Tsalgatidou, Aphrodite and Pilioura, Thomi},
 title = {An Overview of Standards and Related Technology in Web Services},
 journal = {Distrib. Parallel Databases},
 issue_date = {September-November 2002},
 volume = {12},
 number = {2-3},
 month = sep,
 year = {2002},
 issn = {0926-8782},
 pages = {135--162},
 numpages = {28},
 url = {http://dx.doi.org/10.1023/A:1016599017660},
 doi = {10.1023/A:1016599017660},
 acmid = {607204},
 publisher = {Kluwer Academic Publishers},
 address = {Hingham, MA, USA},
 keywords = {overview, standards, technical challenges, web service}
}



%17%
@INPROCEEDINGS{Zhang:2008, 
author={Li Zhang and Wei Jiang}, 
booktitle={Semantic Computing and Systems, 2008. WSCS '08. IEEE International Workshop on}, title={Transforming Business Requirements into BPEL: A MDA-Based Approach to Web Application Development}, 
year={2008}, 
month={july}, 
volume={}, 
number={}, 
pages={61 -66}, 
keywords={BPEL;CIM;MDA-based approach;PIM;Web application development;Web systems;online services;Web services;business data processing;organisational aspects;}, 
doi={10.1109/WSCS.2008.24}, 
ISSN={}
}


% 18 Referência do pdrão BPEL2.0%
@misc{BPEL20,
    author = {Alves, Alexandre and Arkin, Assaf and Askary, Sid and Bloch, Ben and Curbera, Francisco and Goland, Yaron and Kartha, Neelakantan and Sterling and K\"{o}nig, Dieter and Mehta, Vinkesh and Thatte, Satish and van der Rijn, Danny and Yendluri, Prasad and Yiu, Alex},
    citeulike-article-id = {1233272},
    howpublished = {OASIS Committee Draft},
    month = may,
    posted-at = {2007-04-18 09:55:54},
    priority = {2},
    title = {{Web Services Business Process Execution Language Version 2.0}},
    year = {2006}
}

%19 Referencia do artigo de martin músucante
@String{j-jucs = "Journal of Universal Computer Science"}

@Article{Ba:jucs_11_7:pews_a_new_language,
  author =     "Cheikh Ba and Marcos Aurelio Carrero and Mirian Halfeld Ferrari and Martin A. Musicante",
  title =      "PEWS: A New Language for Building Web Service Interfaces",
  abstract =   "Recent proposals in the domain of interface description languages for web services stress the importance of specifying the dynamic, behavioral aspects of the services. The goal of this paper is to introduce a new interface description language, called PEWS, that uses predicate path expressions to define web service behaviours.  Our proposal represents a simple but expressive way to describe order and conditional constraints over web service operations. PEWS aims to be used not only to the specification of simple web services but also to be a tool for describing service composition.  

  In this paper, we use the Action Semantics framework to present the syntax and semantics of the most significant parts of PEWS and we introduce XPEWS, the XML-based version of PEWS used to publish service behaviours for future searches and composition. The definition of XPEWS is done by giving the XML Schema that defines the syntax of XPEWS programs.",
  journal =    j-jucs,
  year =       "2005",
  volume =     "11",
  number =     "7",
  pages =      "1215--1233",
  date =       "2005-07-28",
  month =      "jul",
  note =       "\url|http://www.jucs.org/jucs_11_7/pews_a_new_language|"}
  
  
% Composing Web Services with PEWS: a trace-theoretical approach. 

@INPROCEEDINGS{Cheikh,
author={Cheikh Ba and Mirian Halfeld Ferrari and Martin A. Musicante},
booktitle={Web Services, 2006. ECOWS '06. 4th European Conference on}, title={Composing Web Services with PEWS: A Trace-Theoretical Approach},
year={2006},
month={dec. },
volume={},
number={},
pages={65 -74},
keywords={PEWS language;WSDL-defined operations;Web service composition;Web service design;control dimension;control workflow;data dimension;interface description language;service specification;trace theory;Web services;formal specification;specification languages;user interfaces;},
doi={10.1109/ECOWS.2006.12},
ISSN={}

}  


%Artigo papa Service-Oriented Computing: State of the Art and Research Challenges 

@ARTICLE{Papazoglou_etal_2007,
author={Papazoglou, M.P. and Traverso, P. and Dustdar, S. and Leymann, F.},
journal={Computer}, title={Service-Oriented Computing: State of the Art and Research Challenges},
year={2007},
month={nov. },
volume={40},
number={11},
pages={38 -45},
keywords={Application software;Availability;Environmental management;Load management;Middleware;Monitoring;Quality of service;Roads;Robustness;Service oriented architecture;Web services;business data processing;object-oriented programming;software architecture;SOA;SOC research road map;Web services;agile applications;application component assembling;dynamic business processes;service-oriented computing;SOC paradigm;Web services;enterprise services;service orientation;},
doi={10.1109/MC.2007.400},
ISSN={0018-9162}
}


%Manual da W3C para Web Service
@manual{w3c_webService,
author = {Booth, David and Haas, Hugo and McCabe, Francis and Newcomer, Eric and Champion, Michael and Ferris, Chris and Orchard, David},
month = feb,
organization = {W3C Web Services Architecture Working group},
title = {{Web Services Architecture}},
url = {http://www.w3.org/TR/2003/WD-ws-arch-20030808},
year = {2004}
}

%IBM
@techreport{kreger2001services,
  added-at = {2012-06-14T13:50:29.000+0200},
  author = {Kreger, H.},
  biburl = {http://www.bibsonomy.org/bibtex/2436066d227d127cf79a321bcdfb3fef5/phm02},
  institution = {IBM Software Group},
  interhash = {10ccbb758b5df3e512c3be5eceafdcc7},
  intrahash = {436066d227d127cf79a321bcdfb3fef5},
  keywords = {servicemodellierung},
  month = may,
  timestamp = {2012-06-14T13:50:29.000+0200},
  title = {Web Services Conceptual Architecture (WSCA 1.0)},
  url = {http://www.csd.uoc.gr/~hy565/newpage/docs/pdfs/papers/wsca.pdf},
  year = 2001
}


@ARTICLE{Peltz, 
author={Peltz, C.}, 
journal={Computer}, title={Web services orchestration and choreography}, 
year={2003}, 
month={oct.}, 
volume={36}, 
number={10}, 
pages={ 46 - 52}, 
keywords={Availability;Collaboration;Companies;Computer architecture;Engines;Information technology;Logic;Process design;Scalability;Web services; Web design; systems re-engineering; Web services; business processes; choreography; composite Web services; orchestration; standards;}, 
doi={10.1109/MC.2003.1236471}, 
ISSN={0018-9162},}

@techreport{leymann01wsfl,
    annote = {WSFL is a business workflow language, based on XML and utilizing web services.},
    author = {Leymann, Frank},
    citeulike-article-id = {4075948},
    institution = {IBM},
    keywords = {workflow},
    month = may,
    posted-at = {2009-02-21 01:20:50},
    priority = {0},
    title = {{Web Services Flow Language (WSFL 1.0)}},
    year = {2001},
}

@techreport{miller2003,
  added-at = {2006-12-19T19:26:14.000+0100},
  author = {Miller, J. and Mukerji, J.},
  biburl = {http://www.bibsonomy.org/bibtex/2261498b1153487382fb674477daee2b5/mstrohm},
  institution = {Object Management Group (OMG)},
  interhash = {890a96e9be85a6983406e9abdf691a7b},
  intrahash = {261498b1153487382fb674477daee2b5},
  keywords = {architecture model-driven},
  timestamp = {2006-12-19T19:26:14.000+0100},
  title = {MDA Guide Version 1.0.1},
  year = 2003,
}


@techreport{WSPolicy,
    abstract = {{The Web Services Policy 1.5 - Framework provides a general purpose model and corresponding syntax to describe the policies of entities in a Web services-based system.
Web Services Policy Framework defines a base set of constructs that can be used and extended by other Web services specifications to describe a broad range of service requirements and capabilities.}},
    author = {Vedamuthu, Asir S. and Orchard, David and Hirsch, Frederick and Hondo, Maryann and Yendluri, Prasad and Boubez, Toufic and Yalcinalp, \"{U}mit},
    citeulike-article-id = {7028719},
    citeulike-linkout-0 = {http://www.w3.org/TR/ws-policy/},
    day = {4},
    keywords = {ws-policy},
    month = sep,
    organization = {W3C},
    posted-at = {2010-04-17 15:11:01},
    priority = {2},
    title = {Web Services Policy 1.5 Framework},
    url = {http://www.w3.org/TR/ws-policy/},
    year = {2007}
}


@article{Papazoglou:2003,
 author = {Papazoglou, M. P. and Georgakopoulos, D.},
 title = {Introduction: Service-oriented computing},
 journal = {Commun. ACM},
 issue_date = {October 2003},
 volume = {46},
 number = {10},
 month = oct,
 year = {2003},
 issn = {0001-0782},
 pages = {24--28},
 numpages = {5},
 url = {http://doi.acm.org/10.1145/944217.944233},
 doi = {10.1145/944217.944233},
 acmid = {944233},
 publisher = {ACM},
 address = {New York, NY, USA}
} 

@article{PapazoglouHeuvel:2006,
	Acmid = {1358582},
	Address = {Geneva, Switzerland},
	Author = {Papazoglou, Michael P. and Heuvel, Willem-Jan Van Den},
	Doi = {10.1504/IJWET.2006.010423},
	Issn = {1476-1289},
	Journal = {International Journal of Web Engineering and Technology},
	Keywords = {SOA, business processes, choreography, design methodologies, development methodologies, life cycle development, service development, service integration, service interoperability, service oriented architectures, service oriented computing, web services},
	Month = jul,
	Number = 4,
	Pages = {412--442},
	Publisher = {Inderscience Publishers},
	Title = {Service-Oriented Design and Development Methodology},
	Url = {http://www.inderscience.com/offer.php?id=10423},
	Volume = 2,
	Year = 2006}
	
@article{PapazoglouHeuvel:2007,
 author = {Papazoglou, Mike P. and Heuvel, Willem-Jan},
 title = {Service oriented architectures: approaches, technologies and research issues},
 journal = {The VLDB Journal},
 issue_date = {July      2007},
 volume = {16},
 number = {3},
 month = jul,
 year = {2007},
 issn = {1066-8888},
 pages = {389--415},
 numpages = {27},
 url = {http://dx.doi.org/10.1007/s00778-007-0044-3},
 doi = {10.1007/s00778-007-0044-3},
 acmid = {1265298},
 publisher = {Springer-Verlag New York, Inc.},
 address = {Secaucus, NJ, USA},
 keywords = {Application and service integration, Asynchronous and event-driven processing, Enterprise bus, Service oriented architecture, Web services},
}

@article{papazoglouSOC:2007,
    abstract = {{Service-oriented computing promotes the idea of assembling application components into a network of services that can be loosely coupled to create flexible, dynamic business processes and agile applications that span organizations and computing platforms. An SOC research road map provides a context for exploring ongoing research activities.}},
    address = {Los Alamitos, CA, USA},
    author = {Papazoglou, Michael P. and Traverso, Paolo and Dustdar, Schahram and Leymann, Frank},
    booktitle = {Computer},
    citeulike-article-id = {1943497},
    citeulike-linkout-0 = {http://portal.acm.org/citation.cfm?id=1320640},
    citeulike-linkout-1 = {http://dx.doi.org/10.1109/mc.2007.400},
    citeulike-linkout-2 = {http://ieeexplore.ieee.org/xpls/abs\_all.jsp?arnumber=4385255},
    doi = {10.1109/mc.2007.400},
    issn = {0018-9162},
    journal = {Computer},
    keywords = {soa},
    month = nov,
    number = {11},
    pages = {38--45},
    posted-at = {2008-04-18 20:07:44},
    priority = {0},
    publisher = {IEEE Computer Society Press},
    title = {{Service-Oriented Computing: State of the Art and Research Challenges}},
    url = {http://dx.doi.org/10.1109/mc.2007.400},
    volume = {40},
    year = {2007}
}

@ARTICLE{Peltz, 
author={Peltz, C.}, 
journal={Computer}, title={Web services orchestration and choreography}, 
year={2003}, 
month={oct.}, 
volume={36}, 
number={10}, 
pages={ 46 - 52}, 
keywords={Availability;Collaboration;Companies;Computer architecture;Engines;Information technology;Logic;Process design;Scalability;Web services; Web design; systems re-engineering; Web services; business processes; choreography; composite Web services; orchestration; standards;}, 
doi={10.1109/MC.2003.1236471}, 
ISSN={0018-9162}
}

@article{watson,
  title={A brief history of MDA},
  author={Watson, Andrew},
  journal={Upgrade, the European Journal for the Informatics Professional},
  volume={9},
  number={2},
  pages={7--11},
  year={2008}
}

@article{arsanjani,
  title={SOMA: A method for developing service-oriented solutions},
  author={Arsanjani, Ali and Ghosh, Shuvanker and Allam, Abdul and Abdollah, Tina and Ganapathy, Sella and Holley, Kerrie},
  journal={IBM systems Journal},
  volume={47},
  number={3},
  pages={377--396},
  year={2008},
  publisher={IBM}
}

@article{brown,
  title={SOA development using the IBM rational software development platform: a practical guide},
  author={Brown, Alan and Johnston, Simon K and Larsen, Grant and Palistrant, Jim},
  journal={Rational Software},
  year={2005}
}

@article{papazoglou2006,
  title={Service-oriented design and development methodology},
  author={Papazoglou, Michael P and Van Den Heuvel, Willem-Jan},
  journal={International Journal of Web Engineering and Technology},
  volume={2},
  number={4},
  pages={412--442},
  year={2006},
  publisher={Inderscience}
}

@article{towards,
  title={Towards a service-oriented MDA-based approach to the alignment of business processes with IT systems: from the business model to a web service composition model},
  author={De Castro, Valeria and Marcos, Esperanza and Wieringa, Roel},
  journal={International Journal of Cooperative Information Systems},
  volume={18},
  number={02},
  pages={225--260},
  year={2009},
  publisher={World Scientific}
}

@techreport{miller2003,
  added-at = {2006-12-19T19:26:14.000+0100},
  author = {Miller, J. and Mukerji, J.},
  biburl = {http://www.bibsonomy.org/bibtex/2261498b1153487382fb674477daee2b5/mstrohm},
  institution = {Object Management Group (OMG)},
  interhash = {890a96e9be85a6983406e9abdf691a7b},
  intrahash = {261498b1153487382fb674477daee2b5},
  keywords = {architecture model-driven},
  timestamp = {2006-12-19T19:26:14.000+0100},
  title = {MDA Guide Version 1.0.1},
  year = 2003
}

@inproceedings{Jouault:2005:TMA,
 author = {Jouault, Fr{\'e}d{\'e}ric and Kurtev, Ivan},
 title = {Transforming models with ATL},
 booktitle = {Proceedings of the 2005 international conference on Satellite Events at the MoDELS},
 series = {MoDELS'05},
 year = {2006},
 isbn = {3-540-31780-5, 978-3-540-31780-7},
 location = {Montego Bay, Jamaica},
 pages = {128--138},
 numpages = {11},
 url = {http://dx.doi.org/10.1007/11663430_14},
 doi = {10.1007/11663430_14},
 acmid = {2153705},
 publisher = {Springer-Verlag},
 address = {Berlin, Heidelberg},
} 

	

